2894 4986
758 409 799 470 54

287 579 471 670 proponite.¹
489 586 579 650 Patet
602 607 678 650 vero
699 588 818 668 duplex
836 586 903 668 ejus
922 598 1153 670 argumentum
1175 585 1280 661 luisse,

285 706 405 790 qnippe
426 719 459 772 et
471 707 511 770 de
526 705 609 792 agris
619 703 756 788 publicio
768 701 911 777 cavebat,
929 715 977 780 et,
992 716 1030 767 nt
1041 701 1283 787 probabilitere

285 821 446 890 Ciceronis
479 825 550 888 loeo
580 822 686 906 priore
716 821 870 898 efficitur,
891 819 1167 905 complectebatur
1184 823 1284 888 simul

284 944 438 1006 nonnulla
453 943 493 1006 de
515 941 647 1024 pascuis.
675 938 843 1026 Agebatur
854 938 955 1025 igitur
965 941 1006 1003 de
1015 941 1074 1006 bac
1085 941 1156 1026 lege
1176 941 1211 1004 in
1229 963 1285 1006 ee·

284 1071 373 1136 natu,
395 1082 478 1146 quae
490 1058 703 1124 verisimiliter
715 1058 806 1122 brevi
820 1071 893 1122 ante
904 1062 990 1142 juna
1001 1081 1020 1123 a
1032 1061 1153 1142 populo
1164 1061 1283 1126 luerat.

328 1175 403 1262 Quo
423 1198 500 1243 vero
535 1177 666 1242 consilio
697 1197 826 1262 quaque
858 1178 1102 1261 opportunitate
1131 1199 1227 1264 agere
1244 1179 1286 1242 de

288 1317 325 1364 co
348 1294 493 1360 Patribus
522 1294 666 1380 placuit?
710 1295 916 1360 Deliberandi
948 1317 1075 1360 eausam
1108 1295 1161 1360 rix
1196 1296 1283 1360 aliud

285 1413 428 1480 attulisse
451 1429 556 1498 puto,
576 1435 676 1498 qnam
699 1412 950 1479 controversiam
973 1435 1012 1476 ex
1035 1415 1104 1499 lege
1123 1435 1189 1478 non
1210 1415 1286 1498 jure

286 1546 320 1598 ct
343 1545 457 1598 contra
477 1532 618 1615 auspicia
637 1533 702 1597 lata
725 1535 916 1615 prolectam.
949 1529 1144 1598 Peccabatur
1167 1531 1288 1598 incarn

285 1662 383 1734 atquc
403 1671 422 1714 a
442 1649 649 1733 peccantibus
677 1649 857 1735 negabatur
883 1671 916 1714 ae
947 1650 1018 1716 ullis
1046 1651 1124 1737 legia
1151 1651 1289 1716 vinoun

285 1767 449 1854 adstringi.
494 1767 642 1834 Fuerunt
663 1767 719 1853 qui
744 1767 779 1832 in
797 1781 909 1832 senatu
930 1772 1117 1852 exemplum
1135 1771 1289 1834 aflerrent

286 1884 423 1961 Lucilii,
445 1885 535 1969 cnjus
555 1905 670 1969 pecore
693 1897 852 1950 comtaret
865 1905 958 1972 agros
970 1885 1115 1969 publicos
1128 1885 1287 1968 depascit

284 2002 375 2088 Quae
409 2002 536 2068 licentia
567 2023 608 2066 ne
636 2003 706 2088 lege
739 2000 841 2066 inviti
861 2004 915 2068 sed
938 2001 1069 2068 innoxii
1090 2017 1288 2090 gramaretnr

284 2121 440 2204 amplius,
475 2121 580 2186 caveri
609 2133 759 2203 oportere
789 2119 826 2185 iia
852 2120 1040 2198 ridebatur,
1062 2135 1095 2186 et
1117 2125 1157 2188 de
1178 2137 1289 2188 cuato-

283 2239 405 2304 diendie
425 2239 508 2326 agria
530 2237 664 2322 publicis
680 2281 688 2308 ,
707 2237 891 2322 finibusque
910 2239 1132 2326 designandis,
1156 2245 1289 2308 tortasse

285 2359 325 2422 de
354 2355 561 2420 instauranda
592 2357 662 2441 lege
696 2357 751 2418 aed
782 2353 988 2422 immutandi
1013 2358 1142 2424 conailia
1176 2359 1289 2426 inituri

285 2487 397 2550 erant,
425 2486 462 2538 ut
494 2471 678 2559 vectigalia,
703 2472 834 2556 imperii
861 2475 1120 2558 patrimonium,
1143 2477 1286 2544 vindica·

286 2605 400 2656 rentur
422 2589 555 2656 aerario.
600 2587 664 2656 Sed
696 2611 769 2656 eam
793 2591 927 2676 quidem
958 2593 1164 2660 consiliorum
1195 2617 1288 2680 opem

286 2709 435 2794 proxima
462 2707 634 2774 tribunicia
661 2707 808 2794 rogatio,
846 2730 911 2797 qua
940 2709 1065 2778 rublata
1105 2727 1181 2780 eunt
1216 2736 1289 2782 vec·

286 2827 415 2914 tigalia,
460 2829 618 2892 referente
649 2823 817 2909 Appiano,
847 2827 952 2896 elmit.
1006 2826 1085 2915 Quia
1109 2831 1162 2900 ille
1189 2833 1289 2898 luerit

288 2945 413 3029 Appius
449 2946 576 3028 major,
606 2967 625 3010 a
655 2943 812 3012 Cicerone
839 2961 1060 3024 memoratus,
1092 2949 1289 3036 ignoramur.

289 3063 417 3150 Pighius
438 3061 585 3146 Appium
609 3061 783 3128 Claudiurn
803 3062 959 3130 Pulcrum
981 3065 1157 3144 intellexit,
1182 3069 1290 3136 filium

293 3181 469 3263 auspicatur
490 3181 585 3247 suias'e
605 3179 702 3265 Appii
723 3179 849 3246 Claudii
878 3185 1050 3250 consularia
1066 3199 1165 3270 atque
1182 3209 1291 3254 cenac-

289 3298 350 3376 rii,
375 3299 432 3382 qui
462 3301 502 3364 de
535 3299 661 3366 Salonio
692 3299 944 3384 triumphavit2.
995 3300 1090 3387 Quod
1115 3326 1154 3370 eo
1188 3309 1291 3396 magis

299 3483 350 3490 ...μ
356 3481 385 3490 μ.
391 3483 397 3488 .
412 3481 571 3490 -ι-ο-ι-

327 3601 339 3638 r
377 3583 455 3635 Hand
473 3583 558 3634 aliena
577 3584 764 3639 existimantur
782 3605 824 3653 ea,
842 3606 911 3659 quac
931 3591 972 3643 Oi
985 3611 1010 3644 e.
1026 3594 1066 3645 ad
1082 3591 1292 3658 An.ll,15,t

292 3687 438 3734 memorat:
468 3683 615 3732 Terentiae
633 3691 771 3751 pergrata
796 3693 838 3736 eat
856 3687 1012 3738 assiduitas
1026 3695 1079 3739 tna
1094 3697 1123 3740 et
1138 3689 1292 3762 diligentia

293 3783 322 3830 in
352 3780 540 3830 controversia
556 3777 714 3836 Muluiana.
745 3783 843 3833 Nescit
859 3784 972 3835 omnino
990 3793 1018 3837 te
1035 3803 1203 3840 communem
1220 3807 1291 3842 eau-

293 3893 353 3928 sam
388 3873 530 3946 defendere
557 3889 669 3938 eornm,
698 3879 748 3947 qui
775 3895 855 3949 agrae
874 3879 1003 3950 publicar
1030 3883 1204 3953 possideant.
1241 3890 1297 3941 Sed

296 3984 388 4023 tamen
415 3980 447 4022 tn
474 3971 585 4041 aliquid
603 3971 768 4041 publicanis
791 3977 911 4046 pendia:
934 3979 1003 4032 baec
1021 3982 1156 4033 etiamid
1171 3996 1295 4038 recurat.

296 4069 340 4123 Cf·
360 4073 482 4120 Barm.
499 4067 520 4120 1.
538 4067 559 4118 Ι.
577 4085 605 4134 p.
623 4071 667 4122 41.

330 4185 346 4220 2
381 4167 456 4218 Ann.
476 4164 532 4228 ΙΙΙ,
553 4182 610 4219 ror.
