2894 4986
613 327 652 387 81

131 499 278 567 Ciceroni
301 501 614 588 adjungendusest,
632 497 848 586 Quintilianus
870 492 966 588 longe
993 498 1054 562 alia
1075 517 1134 561 nos

127 621 231 686 docet.
254 617 343 704 Qui,
368 619 533 684 mentione
550 621 634 698 sacta
657 617 790 696 Lucilii,
811 618 845 682 in
864 639 903 683 eo
925 616 1039 684 scribit
1050 639 1131 680 sru-

126 737 297 803 ditionem
318 742 452 804 miram
474 759 555 815 esse,
578 737 805 823 eumque'alio
836 739 906 802 loco
930 735 1131 800 medisina·-

131 857 255 922 muml
279 857 430 942 appellat.
476 854 550 920 Nou
583 855 727 921 dissentit
744 855 945 932 Macrobius,
968 851 1132 918 doctum2

126 996 254 1041 vocans.
300 972 414 1060 Quum
448 975 496 1040 his
530 993 596 1038 non
628 975 736 1038 minus
766 995 866 1060 quam
908 971 1054 1038 Ciceroni
1080 973 1127 1035 le·

126 1093 224 1181 gendi
248 1091 365 1158 Lucilii
388 1106 524 1178 potestas
549 1093 670 1169 suerit,
698 1113 805 1178 neque
828 1091 958 1156 aliunde
983 1102 1128 1155 sumtum

127 1234 228 1299 quam
265 1211 433 1297 propriam
470 1211 663 1277 sententiam
697 1211 914 1296 pronrmciare
936 1208 1132 1284 maluerint,

127 1331 206 1417 quid
238 1351 351 1396 cumae
379 1330 475 1398 fuisse
509 1331 656 1396 dicemus
683 1350 742 1395 cur
767 1353 786 1396 a
809 1328 964 1396 Cicerone
983 1327 1132 1395 dissenti-

127 1447 228 1518 rent?
273 1448 309 1517 Si
339 1461 453 1516 conus
482 1449 613 1528 luisset,
638 1471 676 1514 ac
696 1451 858 1535 majorem
882 1449 936 1514 hic
959 1469 1059 1534 quam
1082 1446 1128 1511 illi

128 1569 160 1634 in
185 1567 315 1660 Lucilio
343 1567 528 1636 doctrinam
550 1568 728 1634 admiratus
751 1581 852 1646 esset,
875 1561 942 1632 non
964 1583 1038 1634 saue
1055 1587 1130 1630 mo·

127 1709 278 1754 rsremur
304 1686 418 1771 judicii
445 1685 640 1768 discrimen,
672 1686 796 1773 quippo
833 1685 866 1750 in
908 1687 1017 1752 aetatis
1045 1705 1127 1770 pro-

128 1803 287 1893 gressione
323 1806 458 1869 eandem
480 1801 628 1870 Ciceroni
647 1803 867 1870 admirationis
890 1804 1128 1871 excusationem

129 1932 258 2008 praesto
280 1923 455 1999 habentes,
477 1943 578 2009 quam
601 1919 715 1988 Crasso
727 1922 794 2006 ipse
805 1921 978 2008 antiquiori
991 1920 1128 2005 praesti-

128 2057 222 2112 terat.
244 2042 440 2109 Dicamnsne
460 2063 549 2130 ergo,
563 2039 724 2107 Ciceronis
735 2041 913 2130 ingenium,
926 2040 1016 2106 osnni
1029 2039 1127 2125 quip-

130 2185 166 2248 pe
188 2163 434 2248 disciplinarum
447 2162 635 2246 artiumque
647 2181 764 2248 genere
776 2161 957 2237 nutritum,
972 2158 1127 2225 difficilius

128 2283 158 2347 in
180 2281 347 2348 doctrinae
371 2279 464 2365 copia
485 2279 683 2365 acquiescere
695 2280 856 2363 potuisse,
879 2278 1000 2344 facilius
1020 2275 1129 2362 Quin-

131 2399 251 2476 tiliani,
277 2419 342 2464 non
374 2396 496 2483 pariter
519 2397 629 2463 omnia
652 2397 814 2462 doctum?
858 2396 931 2462 Nou
954 2399 1072 2472 credo,
1094 2407 1127 2459 et

128 2518 223 2584 habet
244 2513 433 2601 disceptatio
454 2515 520 2600 ipsa
543 2519 686 2580 multum
709 2516 874 2582 cautionis.
919 2513 953 2580 si
976 2514 1055 2600 quid
1076 2515 1128 2579 vi·

127 2637 206 2712 deo,
229 2635 495 2721 distinguendum
518 2633 691 2699 necessario
710 2647 777 2711 est,
791 2648 828 2698 ut
839 2633 1040 2698 mediocrem
1051 2631 1125 2697 dce-

127 2757 263 2820 trinam
283 2751 435 2818 eruditio
456 2755 552 2816 mira
572 2752 723 2836 patiatur.
754 2749 892 2817 Videtur
911 2751 998 2817 enim
1018 2749 1129 2837 Quin·
1150 2829 1152 2836 Α

131 2873 263 2940 tilianus
287 2870 613 2956 illamssmultiplicem
639 2870 804 2936 variarum
829 2892 940 2935 rerum
973 2868 1129 2956 cognitio·

128 3014 201 3058 nem
233 2989 448 3076 scientiaeque
479 2988 662 3054 ubertatem
681 3003 714 3054 et
730 2989 917 3054 varietatem
929 2986 1127 3073 intelligere,

129 3111 177 3176 uui
190 3108 395 3192 πολυμαθίας
407 3129 527 3173 nornen
540 3107 708 3185 convenit,
719 3129 885 3194 quamque
897 3127 964 3170 non
975 3124 1042 3169 uno
1054 3106 1125 3170 loco

127 3251 200 3296 cum
213 3231 364 3294 scientio
376 3226 545 3314 conjungit
556 3225 584 3292 3.
607 3225 679 3292 Non
691 3227 780 3293 illam
794 3226 956 3292 doctrinae
967 3226 1128 3308 supellec·

127 3348 216 3414 tilem
241 3369 353 3414 raram
381 3360 413 3411 et
436 3346 581 3420 variam,
614 3355 671 3412 aut
693 3347 759 3430 ejus
783 3356 1005 3428 opportunum
1029 3364 1124 3410 usum

127 3463 239 3533 Cicero
259 3467 294 3530 in
311 3465 437 3530 Lucilio
453 3463 652 3530 desiderabat
663 3499 708 3514 ·-
720 3465 786 3547 ejus
806 3462 894 3526 enirn
912 3461 1016 3539 dotis,
1039 3484 1123 3546 quae

125 3583 328 3669 Quintiliano
352 3579 549 3649 admirabilis
571 3581 635 3646 visa
666 3595 728 3657 est,
768 3581 855 3646 haud
878 3593 963 3646 certe
989 3577 1122 3645 Cicero-

158 3887 171 3922 s
211 3874 288 3923 Isset.
309 3872 390 3922 Orat.
408 3869 447 3933 X,
466 3887 491 3926 r.
524 3871 594 3934 l,6.

158 3985 177 4024 2
213 3968 332 4018 suurn.
351 3965 377 4031 l,
395 3965 423 4020 5·

160 4059 177 4113 5
213 4063 566 4125 v·c.1nsl·0rnt.l,4.

583 4223 603 4286 6
