2894 4986
763 397 805 458 74

288 576 434 644 trimenti
464 573 630 640 attulerint
658 572 778 639 civitati
808 571 989 647 Romanae,
1020 583 1181 656 quantum
1194 590 1294 654 prae·

287 695 450 781 pararint,
473 715 540 759 non
562 692 739 760 obscurum
761 704 809 756 eat
830 690 998 755 historiam
1020 691 1295 774 ejmpereequen·

288 815 386 880 tibur.
431 811 546 881 Unum
560 810 678 877 vitium
701 809 922 894 plurimorum
945 811 1016 874 sona
1038 807 1123 885 fuit,
1146 807 1293 873 avaritia.

289 933 337 1000 Ne
356 933 419 998 alia
440 932 570 998 aliunde
587 932 737 1014 exempla
757 928 972 1014 conquiram,
995 948 1079 1013 quae
1101 927 1189 992 varia
1210 947 1296 1011 eup-

287 1064 425 1138 petunt,
447 1051 521 1116 ratic
543 1049 606 1115 erit
626 1049 810 1124 recordari,
834 1051 942 1133 qualea
964 1047 1108 1112 militum
1130 1067 1237 1111 morea
1259 1045 1297 1110 in

289 1169 445 1254 Scipionis
467 1167 681 1234 Numantiam
701 1167 873 1232 obsidentis
896 1167 1005 1232 contria
1028 1164 1188 1231 fuerinti.
1222 1164 1298 1228 lio-

290 1309 368 1356 rum
392 1291 462 1374 jam
482 1289 735 1352 adolescentulae
757 1285 844 1350 testis
862 1288 984 1362 iactor,
1007 1307 1155 1369 praecem
1176 1283 1296 1350 deinde

290 1410 416 1476 Romae
450 1427 584 1471 morum
607 1406 828 1488 corruptelam
851 1405 1022 1491 cognorit,
1045 1425 1106 1470 nec
1126 1425 1203 1469 sanc
1225 1403 1297 1467 mi-

290 1545 407 1593 norem
430 1538 580 1609 expertua
610 1535 668 1600 est,
686 1543 787 1607 quam
807 1522 894 1586 Titio
907 1522 1027 1588 oratori
1040 1523 1141 1588 viram
1154 1537 1190 1588 et
1199 1522 1242 1587 ab
1254 1543 1296 1587 eo

291 1645 523 1712 adumbratam
541 1643 692 1708 vidimus.
714 1639 866 1725 Superest
882 1663 921 1705 ex
948 1643 1015 1727 ejus
1037 1643 1160 1725 scriptia
1182 1644 1296 1719 locus,

291 1765 348 1831 ubi
377 1763 499 1848 pariter
522 1761 606 1828 vitae
629 1781 751 1849 genua,
775 1763 871 1845 quale
891 1759 1047 1826 Romania
1075 1781 1115 1826 eo
1146 1774 1296 1846 tempore

293 1885 371 1962 fuit,
394 1882 564 1968 depictum
590 1894 658 1946 eet:

335 1996 374 2066 N
372 2023 438 2066 ιιιιο
460 2020 538 2062 vero
556 2020 578 2062 a
589 2018 690 2063 ιιιιιιιι
702 1994 751 2060 ad
763 2007 902 2073 noctem,
916 1995 1012 2084 serto
1025 2008 1128 2084 atque
1134 1997 1295 2086 proferto

338 2120 444 2186 Totae
461 2121 545 2183 item
553 2120 761 2204 pariterque
778 2114 862 2193 diae,
883 2117 1099 2204 populataque
1110 2129 1298 2206 patresque

335 2239 480 2304 Iactura
502 2233 683 2322 induforo
703 2257 738 2298 ιι
759 2257 882 2318 omme,
894 2234 1045 2300 decedere
1062 2258 1251 2323 nmquam,

337 2356 409 2422 Uni
431 2379 467 2420 ιι
486 2368 589 2443 atque
609 2354 717 2420 eidem
736 2355 854 2421 erudio
868 2379 981 2422 ιιιιιιιι
993 2355 1110 2422 deden
1127 2369 1158 2422 et
1170 2358 1275 2423 arti.-

338 2473 377 2542 V
375 2474 455 2540 erbo
473 2473 557 2538 darc
574 2483 616 2537 ut
637 2485 735 2538 caute
749 2476 910 2560 possint,
925 2498 1091 2564 pugnare
1114 2474 1227 2541 dolore
1237 2501 1252 2556 ,·

335 2592 529 2658 Blanditiae
552 2604 706 2670 certare,
732 2592 855 2658 bonum
869 2595 1040 2659 simulare
1061 2597 1178 2659 cirum
1194 2617 1252 2672 ee,

338 2710 499 2777 Insidiae
513 2710 636 2799 facere
649 2758 657 2787 ,
670 2721 712 2776 ιιι
722 2713 758 2776 ιι·
769 2712 881 2777 toccu
891 2715 966 2777 rint
979 2713 1138 2778 οιιιιιιἹιιιι
1146 2735 1259 2778 omme
1269 2711 1297 2780 2.

337 2831 478 2896 Abunde
505 2830 666 2917 igiturex
694 2829 747 2907 iia,
774 2852 858 2915 quae
880 2830 1153 2908 memoravimus,
1175 2831 1300 2898 indiciis

292 2963 392 3036 atque
422 2947 577 3031 exemplis
599 2961 708 3033 patet,
730 2969 798 3034 quo
815 2948 948 3032 publico
970 2950 1162 3035 privatoque
1184 2971 1300 3016 rerum

293 3069 520 3134 Romanarum
545 3080 630 3132 statu
666 3067 809 3132 Lucilius
836 3069 986 3133 floruerit
1013 3082 1045 3133 et
1071 3069 1185 3153 quanti
1204 3091 1301 3153 prae·

295 3188 400 3252 dicata
425 3188 492 3272 ejus
528 3186 570 3251 ab
593 3184 729 3252 Horatio
764 3187 867 3252 virtus
901 3187 1098 3253 aestimanda
1130 3188 1172 3254 ait
1194 3190 1298 3256 nobie.
1334 3259 1343 3272 ,

294 3305 437 3370 Tametai
468 3326 544 3370 vero
574 3306 662 3371 haud
694 3318 817 3370 temere
851 3305 886 3369 in
918 3307 1002 3370 hanc
1035 3305 1233 3371 inducamur
1259 3309 1300 3374 de

295 3426 362 3510 ejm
382 3424 489 3490 indole
511 3424 720 3508 opinionem,
744 3424 891 3489 minuere
912 3437 1023 3490 tamen
1045 3447 1117 3490 cem
1139 3429 1301 3493 aetoliere

296 3544 497 3610 contrarium
536 3543 664 3609 videtur
698 3546 738 3608 de
764 3547 832 3630 ejm
850 3546 984 3631 pietate
1007 3544 1180 3629 judicium.
1226 3546 1302 3633 Quo

297 3664 432 3750 quidem
456 3661 599 3728 destituti
632 3662 792 3747 principio
821 3677 860 3729 ut
879 3662 1017 3729 neminis
1041 3664 1144 3732 vitam
1166 3669 1299 3733 laudare

332 3997 346 4034 a
384 3978 474 4048 Supra
491 3996 520 4048 p.
539 3978 580 4034 15.
601 3978 709 4034 Adeunt
725 3980 863 4052 Appia
873 4001 892 4036 ιι
903 4001 922 4036 ιι
933 4001 960 4036 ιιι
975 3983 1023 4056 qui
1040 3982 1298 4054 plarihaahaacac·

298 4079 391 4148 cipere
408 4077 530 4147 cupiant.

332 4191 349 4231 ι
384 4174 778 4248 Lact.1not.Div.V,p.
