2888 4972
752 379 817 445 288

302 583 321 625 a
353 555 500 624 carmine
537 559 624 622 malo
648 577 834 636 censemus,
857 559 948 642 quod
971 559 1110 624 condere
1139 559 1312 626 vetuissent

301 675 367 744 xtt
385 677 525 743 tabulae.
548 676 695 741 Fortasse
714 697 816 763 penus
841 679 1008 760 quoddam
1032 677 1312 764 epigrammatum

301 801 383 875 suit,
407 799 497 884 quod
516 795 584 861 aliis
605 795 804 861 carminibus
828 795 1050 886 commixtum
1071 805 1130 862 aut
1155 798 1312 864 intertex-

300 932 373 984 tum
393 917 508 983 satirae
525 913 659 980 nomine
681 913 723 979 ab
747 933 786 978 eo
803 913 996 1000 insignitum
1015 915 1066 980 sit.
1097 915 1211 1001 Neque
1222 919 1312 983 enim

300 1033 429 1102 videtur
455 1033 578 1101 Lerscb
602 1033 702 1097 rerba
722 1032 778 1097 illa
799 1031 895 1097 Gettti
919 1032 959 1096 de
973 1029 1184 1100 Graecorum
1194 1039 1313 1121 poe'ta·

300 1174 382 1220 rum
406 1173 499 1217 more
524 1149 621 1216 dieta
652 1165 740 1215 recte
762 1150 901 1234 cepisse,
936 1171 1020 1236 quae
1049 1150 1307 1233 interpretatur,

300 1273 423 1358 probra
443 1273 498 1336 itta
518 1267 681 1334 Naeuiana
705 1268 880 1332 comoediis
901 1240 1027 1333 intexta
1037 1283 1069 1334 at
1083 1269 1223 1333 aliorum
1237 1291 1311 1354 per·

298 1391 382 1457 sonis
406 1401 492 1454 tecta
527 1387 635 1452 tuisse.
681 1386 808 1451 Laudat
833 1387 922 1449 bunc
941 1385 1036 1451 Gellii
1060 1389 1194 1452 locum:
1219 1386 1312 1452 «Not

298 1509 370 1575 satis
395 1506 610 1579 habebimus,
635 1505 724 1590 quod
747 1525 786 1567 ax
809 1503 943 1568 historia
964 1517 1027 1581 est,
1050 1505 1084 1569 id
1105 1505 1229 1580 dicere,
1242 1503 1310 1569 Sci-

299 1627 431 1711 pionem
466 1621 715 1713 (superiorem)‚
740 1641 860 1686 verone
882 1643 925 1685 an
950 1624 1029 1686 falso
1049 1621 1235 1700 incertum,
1260 1625 1311 1687 sa·

300 1745 355 1809 md
373 1757 501 1818 tamem
525 1760 630 1826 quum
654 1751 734 1804 esset
757 1741 958 1818 adulescens,
979 1740 1069 1804 baud
1090 1739 1216 1805 sinceri
1235 1739 1310 1806 suis·

296 1885 352 1938 sc,
385 1875 418 1926 et
445 1859 688 1944 propemodum
718 1857 914 1930 constitisse,
950 1860 1045 1923 hosce
1074 1880 1185 1924 versus
1205 1881 1225 1924 a
1249 1857 1309 1926 Cn.

297 1977 419 2044 Naevio
436 1983 532 2061 posita
555 1976 589 2040 in
606 1997 684 2040 eum
703 1975 841 2058 scriptos
865 1997 951 2039 esse:

297 2099 299 2106 '
343 2095 472 2162 Etiam
484 2097 547 2182 qui
559 2115 614 2158 ree
627 2115 777 2182 magnae
786 2115 891 2156 manu
902 2097 1119 2182 saepsgmit
1128 2093 1310 2183 gloriarer

342 2215 452 2302 Cujus
456 2212 564 2300 faeta
571 2214 651 2276 viva
662 2233 752 2274 nunc
764 2213 897 2300 rigetur
911 2214 974 2297 qui
982 2211 1078 2298 apud
1084 2224 1206 2302 gentes
1215 2213 1310 2277 sotus

342 2333 512 2399 Praestat
520 2354 534 2411 ,⁸
548 2351 624 2396 eum
636 2351 720 2394 rum
728 2339 833 2414 pater
844 2329 1048 2414 catapultis
1059 2353 1127 2394 urso
1140 2331 1184 2396 ab
1195 2335 1310 2396 antica

1079 2437 1268 2513 abdixit&

293 2569 361 2634 Sed
384 2567 564 2633 ostenditur
584 2586 638 2641 eo,
651 2565 833 2639 Romanos,
858 2565 1117 2630 maledicentiam
1134 2563 1247 2629 Naevii
1267 2565 1314 2629 ti·

297 2702 444 2763 mentes,
479 2707 581 2771 quam
614 2684 703 2748 baud
734 2697 902 2747 vereretur
938 2683 1091 2768 antiquae
1126 2683 1312 2748 comoediae

297 2805 441 2872 Graecae
453 2805 604 2886 exemplo
616 2802 782 2866 liberrime
794 2787 974 2877 effundere,
998 2797 1033 2865 in
1054 2802 1231 2866 corstoediis
1251 2823 1313 2886 pa·

296 2926 376 2990 riter
387 2921 612 2988 conviciorum
626 2919 760 3005 vestigia
770 2918 960 3003 quaesivisse
976 2932 1011 2983 et
1020 2918 1083 2984 sibi
1098 2919 1247 2984 invenire
1261 2920 1311 2984 ri·

294 3063 345 3109 sos
360 3063 435 3109 esse.
458 3040 551 3127 Quae
563 3053 676 3106 umen
692 3041 759 3102 sola
774 3038 913 3122 emptitio
932 3057 1028 3104 casua
1046 3059 1112 3102 esse
1131 3057 1200 3102 noa
1221 3052 1311 3122 pote-

295 3176 367 3241 rat,
388 3161 430 3226 ob
452 3180 555 3243 quum
578 3157 621 3222 in·
634 3157 763 3220 vincula
780 3157 1014 3238 conjiceretur,
1037 3154 1098 3220 nisi
1121 3155 1310 3222 nominibm

296 3277 435 3364 propriis
460 3277 599 3342 abusum
621 3273 717 3340 fuisse
738 3273 938 3338 constitisset.
960 3273 1075 3360 Itaque
1089 3294 1149 3337 nec
1160 3273 1312 3357 liuperto

294 3396 474 3471 asseruior,
512 3395 750 3460 dramaticum
782 3394 868 3456 bunc
899 3387 1009 3458 Naevii
1044 3391 1176 3458 satiram
1215 3393 1310 3460 tuine

294 3513 537 3588 existimanti2,
571 3533 633 3579 nec
663 3510 694 3576 J.
717 3511 866 3584 Dousae,
899 3509 957 3594 qui
988 3531 1049 3593 pro
1072 3513 1193 3576 eatis-o
1222 3513 1310 3596 apud

295 3631 429 3696 Festum
453 3625 607 3694 Saturno
630 3627 866 3692 restituendum
889 3647 955 3690 esse
976 3627 1104 3709 putavit
1115 3627 1144 3694 ⁸.

298 3807 577 3824 ,μμ-μ-

329 3931 340 3967 s
379 3911 432 3980 Vi,
450 3915 477 3965 8.

329 4031 345 4067 a
374 3999 424 4062 ⁴Da
444 4009 577 4062 Satiricr's
593 4011 783 4080 dempseris
802 4023 828 4075 p.
850 4005 929 4060 ttv.

327 4107 344 4159 δ
379 4109 449 4158 Post
469 4109 571 4159 comm.
591 4109 673 4178 Cruq.
693 4123 720 4174 p.
738 4103 800 4162 665.
