2860 4974
626 347 685 414 tes

135 543 177 589 us
217 524 347 610 digessit
376 539 410 590 et
438 527 580 590 cdiditt¹
629 525 811 591 Verisimile
841 547 919 612 ergo
949 539 1015 602 est,
1051 515 1154 592 verba

135 665 199 718 es,
223 662 307 726 quse
339 644 560 720 laudavimus,
593 643 778 709 recentioris
811 644 944 728 alicujus
966 647 1150 710 scholiastae
1188 709 1196 722 ,

137 781 231 835 esse,
256 761 347 844 cujus
365 773 469 824 aetate
488 763 559 844 jam
578 759 786 844 deperditum
812 775 893 826 esset
920 762 1035 826 Lucilii
1057 785 1149 846 opus.

139 877 268 940 Mirum
296 897 393 953 vero,
428 875 490 942 illis
507 879 624 944 similia
651 880 714 966 legi
744 883 832 962 apud
856 878 1029 944 Heleuium
1048 883 1150 946 Acro·

138 994 259 1062 nem2.
305 993 371 1078 Qui
399 995 456 1058 ulti
483 994 610 1060 Horatii
642 999 681 1061 de
713 997 957 1062 Lucilianorum
986 997 1149 1062 librorum

138 1127 260 1177 natura
292 1114 490 1178 sententiam
519 1114 682 1192 illustrat,
712 1115 745 1180 id
767 1115 933 1180 Lucilium
955 1137 995 1178 er
1017 1115 1149 1182 Graecis
1191 1179 1206 1190 ,

138 1231 251 1316 lyricis
271 1231 420 1296 sumsisse
445 1247 577 1308 narrat,
602 1233 660 1317 qui
685 1233 774 1297 libris
803 1235 941 1317 propriis
962 1235 1146 1300 amicorum

137 1355 213 1414 loco
233 1365 338 1414 essent
364 1351 424 1414 usi.
471 1350 557 1416 llaec
576 1354 615 1414 ad
635 1351 772 1415 terbum
789 1355 877 1434 apud
899 1351 1151 1417 Commentato-

139 1490 211 1532 rem
232 1467 463 1552 Cruquianum
485 1483 611 1532 exstant
623 1469 650 1532 ³.
676 1469 784 1554 Pergit
805 1491 882 1534 vero
904 1471 1004 1534 Acro:
1028 1451 1150 1534 Dici·

137 1600 213 1650 tur
248 1585 413 1650 Lucilius
445 1590 557 1651 vitam
587 1609 687 1650 suom
712 1589 910 1673 scripsisse,
937 1599 969 1652 et
992 1588 1152 1652 nonsibi

132 1709 348 1792 pepercisse,
372 1725 456 1788 quae
477 1725 543 1768 non
567 1708 722 1790 leguntur
741 1707 829 1786 apud
851 1705 956 1769 illum.
996 1705 1029 1770 si
1051 1707 1153 1793 igitur

137 1847 172 1887 re
195 1846 272 1888 vera
292 1823 428 1887 Acronis
451 1823 546 1886 verba
558 1822 642 1898 sint,
666 1841 772 1905 neque
785 1844 804 1884 a
816 1822 994 1904 posteriore
1005 1825 1150 1906 quodam

136 1941 274 2006 librario
302 1942 496 2023 interpolata
529 1961 595 2004 esso
616 1941 802 2016 videantur,
822 1953 1004 2004 statuamus
1025 1963 1150 2006 necesse

136 2073 205 2134 est,
233 2059 325 2122 illam
358 2058 462 2140 operis
493 2056 653 2120 Luciliani
674 2067 823 2138 partem,
852 2077 917 2138 qua
939 2077 1033 2119 suam
1054 2063 1151 2139 poe'ta

137 2176 243 2242 sitam
274 2173 445 2258 exposuit,
468 2175 604 2240 Acronis
629 2187 733 2238 aetate
753 2175 823 2257 jam
845 2173 1009 2238 interiisse.
1057 2175 1152 2238 Reli-

136 2317 241 2381 quam
256 2295 346 2358 enim
371 2298 422 2360 vel
435 2293 621 2358 uuiversum
637 2297 688 2357 vel
701 2295 860 2376 majorem
874 2305 1002 2375 partem
1016 2294 1046 2356 ei
1057 2293 1150 2358 inno·

135 2417 234 2481 tuisse
253 2419 406 2498 frequens
420 2414 598 2478 verborum
612 2425 644 2476 et
656 2415 805 2477 locorum
819 2411 1061 2476 Lucilianorum
1077 2435 1151 2478 usus

136 2557 174 2599 ac
197 2532 326 2598 mentio
348 2533 529 2615 persuadet.
552 2529 686 2614 ltaque,
711 2529 866 2613 quoniam
886 2531 975 2612 apud
986 2531 1150 2594 Acronem

136 2651 342 2718 Priscianum
365 2663 590 2713 memoratum
609 2647 757 2713 ridemus
770 2645 805 2722 ⁴,
829 2647 892 2711 hoc
915 2669 991 2710 sane
1010 2645 1066 2710 ille
1079 2670 1153 2730 pos·

136 2769 239 2834 terior
261 2767 356 2832 luisse
381 2767 467 2831 credi
489 2780 602 2850 posset.
648 2765 798 2841 Verum,
822 2762 987 2829 Acronem
1008 2763 1151 2828 Terentii

135 2889 374 2970 interpretem,
399 2907 500 2968 quem
522 2884 646 2965 saepius
668 2879 831 2947 Charisius
854 2882 1020 2958 laudarit,
1044 2883 1152 2948 diver·

134 3028 211 3070 sum
242 3027 306 3070 esse
326 3027 345 3068 a
366 3002 561 3088 cognomine
585 3001 824 3086 grammatico,
847 2997 971 3064 Horatii
990 2997 1151 3082 interpre-

137 3139 192 3197 te,
216 3118 504 3188 existimabimus?
538 3121 603 3186 Vix
621 3133 873 3184 consentaneum
899 3117 1045 3191 videtur,
1071 3118 1152 3184 duos

136 3245 330 3326 interpretes
358 3239 576 3325 distinguere,
612 3237 782 3324 magisque
806 3237 839 3299 in
865 3255 938 3298 eam
962 3233 1150 3316 opinionem

173 3604 183 3638 ι
224 3587 269 3638 Cf.
291 3589 387 3638 Suri
398 3605 416 3636 n
426 3605 455 3654 g.
477 3585 584 3637 setall.
603 3590 682 3636 Latt-
705 3581 748 3634 lll
767 3599 795 3648 p.
814 3581 848 3634 62
866 3600 926 3655 sqq.

171 3703 187 3736 a
222 3685 326 3737 Nescio
344 3701 393 3736 cor
411 3687 548 3734 Douso
568 3681 662 3733 Lucil.
682 3683 728 3732 Fr.
747 3681 1047 3752 p.2o(fr.inc.171)
1073 3699 1149 3734 com-

137 3792 324 3834 mentatorem
342 3790 480 3844 vaterem,
499 3796 553 3830 nou
575 3780 714 3830 Acronum
732 3777 828 3839 elicui,
849 3796 929 3848 quem
949 3785 1037 3830 tamnu
1059 3780 1151 3846 saepi-

136 3883 324 3930 usmemorel.

169 3973 186 4025 5
221 3993 249 4040 p.
269 3975 345 4030 4082.

170 4069 188 4123 4
223 4074 272 4124 Ad
288 4077 363 4126 Hor.
383 4075 456 4140 Ιὴη).
476 4071 529 4133 ll,
554 4088 560 4121 t
581 4108 589 4133 ,
609 4073 668 4126 228.
709 4070 753 4124 Cs.
775 4075 908 4122 Coruin.
930 4074 1014 4138 Cruq.
1032 4068 1146 4137 p.597u.
