2888 4972
736 395 801 460 300

259 572 338 639 bem
366 572 527 657 arripuit,
556 573 689 658 ejusque
724 570 976 638 stultitiam
1006 572 1125 660 arguit.
1166 571 1275 639 Conr-

257 705 393 778 pertum
409 692 562 770 habebat,
580 697 623 775 μὴ
646 692 784 760 δυνατὸν
808 685 971 767 εἶναιτοῖς
990 690 1117 767 πολλοῖς
1129 663 1276 786 dpioxssr

260 813 288 875 sl
300 815 342 895 μὴ
370 809 554 876 πλακοῦντα
570 815 738 895 γενόμενον
754 817 775 894 ἤ
791 813 907 898 Θάσιον
920 804 1019 877 οἶνον.
1044 809 1171 894 Itaque,
1184 831 1277 876 acer-

256 929 301 994 bo
331 944 364 994 et
394 929 538 994 mordaci
563 929 636 994 stilo
661 950 753 1005 tusus,
776 929 979 994 se1monibus
999 928 1065 994 sive
1081 928 1186 994 satiris
1209 949 1275 1014 po-

255 1049 328 1133 puli
341 1047 474 1133 ineptias
486 1047 714 1133 exprobrauit,
727 1071 764 1113 ao
776 1047 982 1133 potissimum
994 1045 1076 1112 mihi
1089 1048 1219 1144 videtur
1239 1047 1274 1110 in

258 1168 449 1254 exagitanda
471 1166 792 1252 superstitione
811 1167 1174 1252 popularivenatus
1194 1176 1271 1231 esse.

256 1283 353 1364 Nam,
366 1299 404 1351 ut
416 1285 578 1351 Theodori
601 1287 807 1370 disciplinam
826 1257 1032 1372 aliquamdiu
1039 1293 1166 1354 secutus
1180 1300 1273 1360 erat,

257 1405 315 1491 qui
328 1383 429 1472 aldios
442 1408 565 1470 samam
578 1421 613 1471 et
625 1425 808 1492 cognomen
817 1404 961 1470 subierat
972 1409 1062 1492 quod
1074 1405 1224 1470 licentius
1235 1407 1276 1470 de

256 1523 324 1590 Diis
360 1525 571 1602 disseruerat,
594 1525 639 1590 ita
665 1523 836 1608 probabile
856 1538 904 1590 est
926 1525 1143 1610 discipulum,
1167 1545 1271 1608 quem

255 1643 431 1709 modestius
460 1642 590 1708 sensisse
608 1657 755 1720 constat,
777 1643 1011 1727 superstitionis
1034 1641 1182 1708 maxime
1203 1655 1274 1707 sto·

257 1737 418 1827 liditatem
445 1775 478 1826 et
511 1761 731 1828 calamitatem
759 1781 852 1826 more
884 1784 966 1840 suo,
997 1763 1019 1829 i.
1048 1783 1077 1829 e.
1110 1769 1270 1848 φορτικοῖς

254 1882 386 1966 ὀνόμασι
410 1883 492 1946 κατὰ
508 1883 572 1948 τῶν
601 1887 794 1968 πραγμάτων
812 1903 929 1959 usum,
950 1881 1183 1966 perstrinxisse.
1208 1879 1272 1946 Ne·

256 2019 321 2086 que
353 1975 488 2088 uestigia
516 2003 651 2079 desunt,
687 2000 806 2088 quibus
838 2003 919 2066 baec
947 2001 1060 2084 opinio
1081 2000 1270 2064 oonlirrnari

255 2118 393 2204 possiet
438 2119 554 2206 Itaque
581 2117 672 2186 facile
694 2121 791 2185 credo
808 2164 818 2195 ,
836 2119 922 2186 hane
946 2113 1110 2184 librorum
1133 2117 1271 2184 Rioneo-

254 2261 332 2304 rum
342 2257 479 2325 -quos
492 2261 634 2304 numero
641 2243 826 2323 complures
839 2231 935 2305 ¹fuisse
947 2252 1038 2324 patet
1050 2236 1067 2287 ²
1077 2247 1123 2288 -'-
1135 2252 1267 2323 partem

256 2355 383 2424 Lucilio
409 2360 562 2442 exemplo
581 2358 699 2434 luisse,
722 2358 813 2442 eujus
836 2357 872 2422 in
894 2357 1034 2422 ridendis
1056 2357 1272 2441 supersti-

257 2475 473 2542 tiosorum
497 2476 592 2562 nugis
612 2474 817 2562 diligentiam
840 2497 940 2562 supra
962 2476 1199 2542 declaravi-snus
1214 2476 1242 2540 ³.

258 2603 275 2614 “
301 2619 319 2661 a
329 2593 600 2660 Postremo—ait
614 2593 784 2659 Hermann
793 2632 835 2645 —
849 2595 970 2660 exstitit
982 2595 1040 2681 qui
1052 2597 1093 2659 ad
1105 2593 1270 2660 Rbintho-

253 2713 404 2780 nicarum
438 2687 626 2778 fabularum
657 2712 905 2778 similitudinem
936 2713 1165 2789 descenderet,
1190 2731 1270 2797 quas

255 2852 361 2920 quum
391 2833 521 2896 heroico
539 2853 631 2897 versu
651 2851 722 2896 usas
742 2853 806 2896 esse
826 2831 1017 2915 reperisset,
1040 2830 1139 2895 etiarn
1170 2829 1269 2896 metri

254 2951 504 3036 discrepantiam
529 2953 590 3016 bac
612 2951 738 3016 ratione
758 2949 862 3016 uitare
886 2950 947 3016 sibi
960 2949 1143 3027 videbator,
1160 2949 1271 3014 idern·

253 3079 328 3157 qne·
346 3070 462 3136 nostris
486 3069 689 3154 temporibus
706 3069 830 3134 invenit
850 3060 969 3154 quibus
990 3067 1267 3152 persuaderetis>

254 3190 438 3275 Respieitur
453 3189 621 3254 Laurentii
641 3189 724 3277 Lydi
741 3190 849 3254 locos:
874 3187 1042 3255 ‘Ptvoesa
1065 3189 1118 3252 nol
1141 3190 1268 3274 Σκῖρον

254 3311 308 3375 mi
336 3306 502 3390 Ili-uiuos,
535 3312 591 3376 stul
619 3311 691 3385 rods
712 3305 830 3400 ἄλλους
853 3309 917 3374 τῶν
939 3306 1194 3394 φλοακογράφοον
1217 3308 1267 3374 ‘io-

286 3650 300 3704 t
329 3639 452 3723 'orep
472 3641 618 3703 neers
632 3651 675 3715 11,
696 3665 743 3716 ιο,
766 3665 828 3718 ιη.
848 3647 902 3720 lv,
923 3665 952 3720 7,
971 3647 1018 3714 so,
1037 3647 1083 3701 οι.
1109 3647 1211 3702 rsus.
1235 3650 1268 3702 a

251 3765 319 3800 sero
345 3740 431 3804 Nori.
449 3749 525 3802 vind.
543 3765 572 3820 p.
589 3745 652 3804 561.
673 3747 987 3820 Senscodebenes.
1005 3763 1033 3816 p.
1052 3745 1099 3817 571
1133 3739 1269 3814 raytl

251 3845 504 3903 Dr'et.r.'llion.
882 3857 885 3864 ’
941 3839 942 3842 “
995 3855 999 3864 ’
1082 3825 1085 3836 ¹

265 3951 302 3999 'a
336 3945 391 4000 Id.
412 3935 578 4018 IV,‘·'7,47.

275 4036 442 4114 '5p.187.
573 4049 576 4058 '
629 4042 630 4053 ¹

284 4135 829 4212 ⁴p.5t·Dsirstzer0p.1.p.23.
924 4141 992 4165 ¹'·
1094 4149 1098 4160 ’
