2888 4972
746 333 811 396 280

274 527 398 578 comtet
411 513 436 590 ¹,
461 516 631 596 eidemque
649 512 764 576 saurae
776 527 943 592 opponens
958 505 1183 581 Lucilianum,
1197 505 1286 589 quod

276 653 407 696 carmen
437 633 531 695 fuisse
560 630 638 694 dicit
670 629 767 712 ipsius
797 628 1001 716 argumenti
1030 624 1184 688 varietate
1206 621 1287 684 mis-

275 753 395 814 cellum
427 769 551 833 perque
584 768 717 812 omnem
737 747 820 810 vitae
844 747 1007 808 humanae
1030 742 1229 827 farraginem
1249 739 1287 800 li·

274 881 385 932 center
409 889 530 954 vagum
545 865 583 942 ²,
619 865 734 930 dubito
767 885 809 928 an
836 875 985 928 accurate
1019 859 1193 926 discrimen
1227 876 1287 920 no·

274 987 409 1060 raverit,
444 987 533 1069 quod
566 983 753 1046 Ennianum
787 983 873 1045 inter
890 993 923 1044 et
947 979 1153 1042 Lucilianum
1172 976 1286 1039 satirae

273 1125 374 1188 genus
390 1101 614 1166 intercesserit.
661 1097 759 1184 Quod
779 1113 817 1162 ut
834 1101 929 1183 plene
950 1099 1155 1170 declaretur,
1180 1113 1287 1158 neees-

274 1243 307 1286 se
329 1235 377 1285 est
396 1225 592 1308 primatum
616 1238 749 1302 quoque
768 1218 958 1281 varietatem
977 1216 1194 1278 attendamus.
1217 1211 1287 1276 No·

273 1338 344 1402 nius
372 1337 489 1410 tradit,
523 1341 642 1418 poe'ma
670 1355 735 1398 esse
760 1333 983 1398 inventionem
1009 1352 1166 1416 parvam,
1203 1349 1287 1414 quae

275 1456 384 1538 paucis
416 1453 522 1519 verbis
543 1453 725 1536 expeditur.
772 1451 955 1516 istiusmodi
980 1447 1219 1514 inventionibus
1242 1445 1289 1510 si·

275 1593 313 1636 re
335 1572 472 1647 lusibus,
498 1573 596 1634 modo
618 1568 821 1634 brevioribus
844 1569 945 1632 modo
968 1566 1184 1652 longioribus,
1215 1585 1288 1630 rno-

274 1694 317 1753 do
336 1690 424 1753 seriis
446 1690 545 1752 modo
564 1688 701 1771 jocosis,
723 1689 823 1751 modo
839 1685 993 1773 gravibus
1016 1685 1115 1748 modo
1137 1683 1287 1749 scurrili·

277 1806 361 1882 bus,
390 1807 490 1870 modo
514 1807 554 1869 ad
572 1806 772 1876 laudandum
796 1805 958 1868 modoad
983 1803 1289 1886 reprehendendum

276 1923 479 2006 compositis,
494 1926 549 1988 sed
567 1943 653 1986 nexu
672 1935 705 1985 et
724 1923 853 1986 vinculo
870 1921 1044 1996 destitutis,
1061 1919 1172 1982 satiras
1193 1917 1290 1982 Ennii

275 2041 448 2108 constitisse
480 2041 638 2104 dixerim:
669 2061 735 2125 qua
758 2041 792 2103 in
819 2040 973 2104 varietate
1010 2059 1130 2122 parum
1162 2056 1289 2102 curans

274 2179 352 2220 eum
375 2158 536 2234 arbitror,
570 2177 637 2242 quo
662 2158 814 2222 carminis
839 2157 905 2222 sive
926 2157 1023 2220 metri
1039 2177 1156 2244 genere
1178 2167 1290 2218 utere-

275 2291 342 2340 tur.
380 2273 488 2339 Nihilo
510 2289 622 2340 tamen
644 2276 745 2340 secius
771 2279 953 2340 cavendum
972 2295 1036 2338 esse
1057 2287 1154 2358 puto,
1173 2295 1216 2338 ne
1239 2275 1291 2336 te'·

276 2413 366 2455 mere
384 2395 469 2455 hane
488 2393 686 2474 scriptarum
704 2393 879 2457 satirarum
901 2393 1061 2457 rationem
1077 2392 1216 2456 eandem
1234 2401 1291 2455 aut

275 2510 476 2574 simillimam
499 2523 652 2591 putemus
665 2511 845 2576 dramatico
856 2525 1043 2586 saturarum
1056 2511 1187 2598 generi,
1201 2509 1291 2594 quod

277 2627 388 2710 peragi
404 2625 444 2688 ab
469 2626 677 2690 histrionibus
692 2639 767 2692 ante
789 2628 872 2702 Livii
893 2642 1044 2713 tempora
1066 2639 1291 2692 consueverat.

276 2739 341 2826 Qui
368 2745 453 2805 lusus
482 2743 607 2806 etiamsi
639 2764 706 2807 non
733 2747 971 2828 extemporales
987 2745 1082 2808 fuisse
1100 2743 1291 2818 videantur,

275 2877 388 2925 tamen
415 2861 492 2924 artis
518 2862 660 2944 speciem
685 2862 861 2948 exiguam,
885 2863 993 2928 musti
1010 2883 1088 2926 cum
1112 2861 1292 2938 Ennianis,

274 2979 419 3046 retulisse
440 2980 587 3042 censendi
608 2991 703 3056 sunm
739 2993 904 3066 praeterea
936 2977 1093 3044 Saturniis
1127 2979 1294 3054 numeris,

276 3098 425 3184 quamvis
438 3097 654 3162 concinnitate
665 3097 833 3183 aliquanto
844 3099 1190 3176 commendatiorilsns,
1202 3120 1294 3164 com·

276 3215 383 3298 positi.
406 3214 572 3279 Ennianae
583 3227 713 3292 contra,
727 3213 931 3282 Graecorum
944 3228 1129 3280 metrorum
1139 3215 1296 3282 varietate

278 3331 438 3416 insignes,
473 3344 603 3414 praeter
625 3333 735 3416 jocosa
757 3345 791 3397 et
818 3333 943 3400 ludicra
963 3334 1064 3397 etiam
1082 3335 1296 3418 exquisitiora

278 3445 497 3514 continebant.
540 3445 663 3533 Quodsi
683 3451 878 3530 materiem,
901 3473 1005 3537 quam
1026 3451 1088 3516 eibi
1110 3451 1295 3536 subjectam

278 3565 485 3641 habuerunt,
509 3587 701 3652 cognoscere
723 3570 852 3648 liceret,
872 3590 975 3656 quam
998 3581 1085 3634 recte
1095 3569 1297 3654 judicaveri-

315 3807 327 3846 ι
365 3807 394 3858 p.
418 3789 528 3862 ²⁵r²lt
547 3789 594 3847 tr.
635 3793 803 3846 casaub.
830 3795 864 3846 de
883 3795 968 3858 Rene,
991 3796 1054 3847 Sne.
1080 3790 1294 3871 mapale:

278 3909 292 3942 ι
305 3885 394 3938 'l'snte
413 3885 442 3938 in
454 3885 536 3938 Ennii
549 3903 698 3956 operation
708 3889 789 3944 nimis
799 3893 878 3959 longo
889 3901 1041 3944 metrorum
1059 3889 1222 3948 diversitas:
1240 3905 1290 3944 ttae

278 3991 382 4036 tanturn
398 3993 569 4052 saeuorum,
589 3985 636 4040 sed
656 3987 737 4042 eliam
757 3995 1026 4070 argumentorum.»
1221 3973 1224 3982 ¹

311 4103 326 4142 s
362 4099 390 4148 r·
410 4101 452 4154 ²t·
