2888 4972
770 376 835 440 ’228

301 547 470 616 Praeclare
505 551 651 628 Laeliae,
694 569 726 616 et
761 567 848 619 reete
883 561 985 636 σοφὸς·
1033 557 1181 642 illudque
1220 583 1309 625 vere:

347 667 513 746 operte,
528 693 546 734 a
554 691 699 759 gurges,
715 667 880 738 Galloni.-
893 695 926 736 ea
940 673 1038 738 boma
1048 677 1168 752 mirer,
1182 679 1313 764 inquit.

348 787 507 856 coemto·
516 791 557 853 in
570 792 644 854 vita
656 811 835 878 nunquam
847 790 934 866 bena,
944 813 1050 880 quam
1060 798 1178 860 omnia
1191 799 1232 860 in
1240 799 1315 862 ieta

346 906 528 974 Comumie
552 909 688 995 aquilla
703 919 805 994 atqua
822 912 1016 996 acipensere
1027 933 1104 976 eum
1116 912 1315 979 decanum.

301 1028 333 1092 a
356 1030 436 1093 haee
456 1027 620 1111 loquitur,
644 1028 718 1111 qui,
742 1026 776 1090 in
800 1030 967 1110 voluptate
989 1029 1071 1094 nihil
1095 1049 1235 1112 ponam,
1260 1053 1316 1096 ne·

299 1161 358 1233 ,gat
383 1167 461 1210 eum
479 1146 561 1210 beae
584 1166 740 1222 eoenare,
764 1146 821 1230 qui
838 1146 949 1210 omnia
968 1148 1112 1230 ponatin
1130 1151 1314 1232 voluptate:

296 1275 335 1330 el
360 1279 472 1330 tamen
492 1285 560 1328 nnn
580 1277 700 1350 negat,
737 1263 875 1328 libenter
901 1279 1050 1348 unquam
1072 1285 1220 1331 eoename
1238 1265 1316 1330 Gal·

305 1382 452 1459 lonium;
478 1381 673 1445 mentiretur
693 1379 798 1444 enim:
828 1381 884 1444 aed
904 1380 997 1446 bene.
1043 1379 1095 1446 lta
1116 1382 1264 1468 graviter
1283 1395 1316 1448 et

302 1521 412 1566 revere
434 1503 637 1583 voluptatem
657 1499 797 1564 secernit
817 1498 951 1564 abone.
998 1498 1046 1564 Ex
1071 1519 1139 1584 quo
1161 1499 1245 1564 illud
1266 1503 1316 1565 ei·

303 1619 433 1694 licitur,
470 1619 528 1703 qui
563 1617 646 1680 bene
670 1630 826 1691 coenent,
857 1636 970 1682 amaea
993 1616 1133 1682 libenter
1156 1633 1314 1683 coenare:

302 1737 361 1820 qui
390 1734 553 1810 libenter,
587 1743 657 1797 non'
689 1733 845 1797 continue
876 1733 972 1800 bene.
1019 1731 1155 1817 Semper
1190 1731 1315 1800 Laeliae

303 1853 397 1918 bene.
444 1850 532 1936 Quid
556 1847 666 1914 bene?
699 1849 792 1914 Dicet
816 1849 981 1918 Lueib'ua:

1067 1965 1187 2046 Coelo,

441 2086 583 2152 Condita

309 2207 372 2273 Sed
396 2208 474 2271 cedo
496 2215 598 2289 eaput
619 2225 754 2271 coenae:

617 2343 768 2388 termene
792 2318 886 2388 bam.

307 2441 394 2524 Quid
418 2464 456 2504 ax
481 2440 542 2503 eoi

837 2559 879 2626 Se·
903 2563 1050 2649 quaeri,
1077 2563 1236 2631 libenter.

309 2679 469 2746 Veniebat
491 2677 580 2744 enim
608 2681 648 2742 ad
678 2699 837 2756 coenatu,
862 2693 899 2744 ut
921 2681 1034 2747 animo
1059 2683 1173 2766 quieto
1192 2684 1321 2748 satiaret

310 2801 466 2866 desideria
487 2813 632 2864 naturae.
680 2798 781 2863 Recte
805 2821 884 2884 erga
903 2799 931 2865 ia
949 2815 1066 2888 negat,
1091 2823 1241 2888 unquam
1267 2804 1322 2867 be·

311 2943 351 2984 ne
370 2939 515 2984 coenasse
540 2917 750 2982 Gallonium:
776 2931 886 2999 reete,
911 2920 1085 2984 miserum:
1111 2942 1218 3004 quum
1232 2943 1323 3005 prae·

311 3038 422 3104 terrim
453 3037 487 3100 in
524 3056 562 3098 eo
595 3055 693 3098 omne
724 3035 869 3099 studium
896 3051 1110 3102 consumeret.
1158 3035 1270 3121 Quem
1285 3039 1326 3102 li·

313 3157 427 3220 benter
452 3175 597 3220 coenasse
632 3174 731 3218 nemo
760 3167 869 3238 negat.
918 3151 987 3219 Cur
1004 3155 1106 3242 igitur
1124 3177 1192 3220 non
1215 3155 1325 3222 bene?

315 3271 401 3358 Quia
433 3275 521 3357 quod
546 3271 652 3347 bene,
685 3272 718 3335 id
743 3280 852 3346 recte,
877 3274 1069 3359 frugaliter,
1094 3275 1248 3341 boneete:
1272 3277 1324 3340 ille

311 3412 412 3477 porro
434 3393 536 3468 mule,
561 3408 677 3474 prave,
708 3389 877 3473 nequiter,
901 3391 1042 3474 turpiter
1059 3393 1232 3459 coenabat.
1255 3392 1326 3462 Nun

314 3509 415 3596 igitur
436 3529 497 3573 nee
516 3506 639 3590 lapathi
658 3507 851 3572 suavitatem
877 3509 1053 3592 aaipenteri
1077 3508 1223 3577 Gallonii
1246 3513 1329 3578 Lae·

314 3628 374 3691 lius
409 3626 645 3708 anteponebat‚
681 3628 737 3689 sed
768 3626 960 3691 suavitatem
994 3627 1099 3712 ipsam
1118 3629 1327 3718 negligebat:

316 3747 404 3830 quod
435 3765 502 3808 non
528 3746 667 3810 faceret.
690 3743 714 3806 ai
740 3745 773 3806 in
803 3748 969 3828 voluptate
995 3766 1169 3812 summum
1201 3749 1327 3814 bouum

314 3877 450 3946 poneret
462 3863 488 3925 ¹.
505 3883 521 3921 r
569 3859 666 3924 Hune
683 3864 791 3924 loeum
815 3861 1072 3938 consideranter,
1098 3865 1330 3951 intelligimus,

353 4163 363 4196 l
407 4146 474 4194 cta.
493 4145 523 4193 de
544 4147 606 4196 liin.
629 4143 670 4206 ΙΙ,
691 4145 720 4210 8,
742 4145 785 4196 24.
806 4146 851 4208 28,
872 4163 914 4214 90.
