2888 4972
759 324 824 385 254

263 512 339 563 tura
359 498 566 582 expositum,
586 497 695 564 divisit
715 499 894 582 inceptem
915 495 1026 562 libros.
1064 496 1193 561 Deinde
1212 493 1278 562 ttn

264 615 311 678 nii
340 619 468 691 annales
488 630 740 694 memorantur,
774 635 855 701 quos
873 614 1017 680 maxime
1040 613 1213 698 probabile
1232 629 1280 680 eet

264 755 283 796 a
315 731 355 817 Q.
385 733 589 820 Varguntejo
623 733 753 798 tamin
784 734 886 799 varios
913 733 1013 798 libros
1033 731 1153 798 dirisoe
1176 745 1279 817 qnam

262 851 395 935 publice
413 852 642 936 pronunciatus
655 852 767 926 fuisse,
782 851 962 935 iisdemque
975 851 1158 934 Lampadio
1168 871 1282 915 emen-

264 971 362 1034 dandi
383 988 497 1036 curem
514 967 669 1036 adhibuit
681 970 709 1034 ¹.
755 967 912 1054 Sequitur
937 968 1101 1044 Lucilius,
1120 970 1215 1052 cujus
1231 985 1281 1034 te·

266 1089 342 1154 tirso
366 1088 522 1172 privatim
549 1088 710 1170 explicaro
743 1087 913 1152 instituere
944 1086 1071 1151 Laelius
1100 1085 1280 1152 Archelaus

266 1219 299 1270 et
318 1205 451 1272 Vectius
474 1205 693 1270 Philocomus.
739 1202 828 1268 Num
851 1203 951 1269 iidem
968 1204 1031 1268 alio
1048 1225 1151 1288 quam
1177 1203 1280 1303 inter·

265 1335 400 1407 protum
432 1345 572 1388 munere
596 1323 700 1387 suncti
730 1323 817 1397 sint3
843 1343 910 1386 non
933 1333 1069 1387 comtat.
1114 1319 1184 1388 Nee
1204 1343 1280 1389 sane

264 1441 439 1506 uerisimile
453 1455 518 1516 est,
537 1441 799 1528 indiligentius
822 1437 1091 1504 retractaverint
1111 1439 1218 1505 satiris
1228 1461 1281 1514 eos

266 1572 406 1624 versatos
442 1577 525 1633 esse,
556 1559 678 1642 quippe
709 1558 815 1623 omnis
838 1561 953 1622 eorum
978 1577 1058 1623 cura
1077 1558 1191 1640 paucis
1210 1557 1282 1624 dis·

265 1678 380 1760 cipulis
404 1675 667 1759 impendebatur.
713 1676 815 1763 Magis
839 1679 945 1758 placet
965 1675 1165 1751 existimare,
1192 1689 1280 1758 post·

268 1796 480 1869 eudemum,
506 1809 608 1878 quam
631 1793 760 1858 recitari
790 1792 922 1876 publice
940 1791 1060 1858 Lucilii
1072 1792 1281 1858 satiraecoe·

264 1925 407 1994 perum,
442 1931 509 1975 non
535 1920 666 1976 tantum
689 1909 924 1974 emendatiores
949 1909 1167 1992 prodiisse-
1190 1912 1281 1996 quod

265 2028 425 2108 Catonem
444 2045 633 2116 aggressum
662 2051 726 2094 esse
758 2027 880 2092 ironice
909 2027 955 2092 ait
977 2025 1154 2092 Horatiusi
1170 2031 1281 2094 -eed

263 2149 363 2213 etiem
396 2169 458 2231 pro
490 2146 677 2233 argumenti
709 2148 864 2212 varietate
889 2145 924 2209 in
947 2146 1047 2211 libros
1077 2146 1278 2214 distributos.

264 2265 474 2350 Quapropter
497 2285 565 2330 non
589 2265 732 2329 alienum
753 2264 855 2330 rideri
878 2277 1028 2347 poterat.
1045 2264 1093 2328 his
1114 2264 1206 2330 libris
1219 2283 1280 2349 pro

264 2382 468 2469 argumenti,
505 2383 595 2465 quod
624 2383 805 2468 egebatur,
837 2403 979 2467 genere,
1009 2402 1174 2468 congruos
1200 2383 1278 2446 titu-

264 2503 310 2566 los
337 2498 527 2582 imponere3
560 2499 642 2583 quin
672 2499 887 2564 necessatium
913 2503 982 2564 iere
1004 2498 1155 2574 dicatur,
1178 2499 1279 2584 siqui·

264 2619 364 2694 dem,
397 2636 481 2700 quae
510 2629 605 2682 antea
637 2616 794 2703 singulari
825 2617 910 2681 libro
934 2639 972 2682 sc
990 2617 1161 2681 communi
1182 2618 1280 2683 titulo

264 2737 519 2818 comprehensae
556 2738 688 2820 fuerant
721 2735 905 2820 quindenae
933 2735 1071 2810 satirae,
1099 2735 1279 2818 disjunctae

262 2854 367 2940 magis
391 2853 560 2936 propriam
590 2852 834 2936 inscriptionem
867 2853 1070 2940 flagitabant.
1116 2850 1204 2918 Hinc
1226 2875 1279 2918 ex·

263 2973 478 3056 plicandum,
511 2991 571 3037 cur
607 2971 767 3036 Fornix
791 2971 962 3055 peculiaris
983 2971 1059 3035 libri
1081 2971 1197 3036 titulus
1218 2974 1279 3036 ha-

262 3091 397 3166 hentur,
428 3111 447 3154 e
477 3089 629 3173 plurimis
661 3109 744 3152 unus
762 3103 906 3154 servatus
920 3089 955 3166 ⁴;
985 3089 1178 3154 mirandum
1203 3108 1281 3155 roro

265 3219 399 3284 contra,
434 3207 548 3292 quidni
573 3207 672 3271 ceteri
694 3206 771 3271 libri
795 3207 859 3272 suis
883 3207 1006 3292 quique
1019 3207 1140 3283 titulis¹
1166 3206 1279 3274 nouos

263 3379 543 3399 μι--ιύιι-ὺ-ιιαῌ

301 3501 312 3540 t
356 3486 459 3539 (tell.
481 3485 596 3553 xvtlt,
615 3489 643 3547 5.

298 3601 316 3640 e
350 3583 427 3636 Hanc
451 3581 599 3636 dictionem
619 3586 658 3651 (P
668 3585 681 3634 1
691 3587 702 3636 i
711 3603 729 3637 n
742 3586 753 3635 i
764 3603 783 3636 u
793 3585 820 3651 e)
833 3583 907 3635 diat.
930 3586 963 3636 de
975 3591 1061 3634 oratt.
1079 3601 1104 3638 c.
1116 3585 1133 3635 3
1144 3583 1276 3650 explicat,

264 3683 313 3734 ubi
343 3679 462 3750 iegitur:
489 3681 536 3730 An
566 3680 630 3730 ideo
650 3679 755 3732 lidrum
774 3682 858 3731 istum
878 3679 1106 3748 apprehendisti,
1127 3681 1277 3731 orditi·-

261 3779 437 3849 gentius
464 3783 753 3837 retractares,
786 3785 813 3826 et
841 3775 985 3837 sublatis,
1010 3777 1036 3825 si
1061 3793 1133 3845 qaae
1156 3793 1276 3845 pravam

264 3873 474 3941 interpretandi
490 3872 641 3923 materiam
657 3870 812 3931 dederunt,
836 3873 979 3923 emitteres
1001 3873 1136 3922 Catonem
1153 3900 1197 3922 η.

299 3967 317 4019 5
349 3965 418 4034 sup.
436 3985 464 4034 p.
485 3967 542 4021 rte.
561 3967 606 4019 Cf.
626 3967 688 4028 123,
708 3965 769 4019 13⁸.

296 4066 315 4118 4
352 4063 421 4114 Euri.
439 4081 468 4131 p.
487 4063 546 4132 ¹7⁴·
