2860 4974
594 379 655 442 185

165 560 212 626 De
229 559 343 624 eeterie
364 557 453 620 libris
472 558 563 618 nnllo
580 558 648 618 lere
664 567 753 617 certo
773 566 919 617 veterum
946 551 1129 616 testimonio

123 691 260 753 eonrtat,
291 697 375 760 quae
407 685 601 759 argumente
631 672 763 735 luerint.
811 670 913 735 Libro
936 670 1131 756 vigesimo

123 797 265 882 quinto
283 792 527 876 praemonitum
546 791 651 866 inisse,
669 790 870 872 parcimonid
888 791 1048 852 utendum
1067 809 1131 853 erte

127 934 231 998 neque
257 913 352 997 gulae
376 909 613 994 indulgendum
636 920 852 990 ventremque
876 908 1130 980 coarctandum,

125 1032 281 1095 doeemur
302 1050 321 1091 a
341 1026 436 1090 Feeto
449 1025 482 1100 ¹,
509 1026 575 1108 ejus
596 1025 672 1088 libri
689 1027 799 1088 locum
816 1025 1007 1105 explicante.
1032 1024 1133 1086 Duo-

125 1145 384 1232 detrigeeimo
396 1144 480 1206 libro
490 1163 676 1206 sermonem
687 1141 874 1207 institutum
887 1143 981 1207 luisse
993 1145 1034 1205 ad
1047 1143 1135 1206 urio-

127 1285 247 1328 reeene
259 1277 397 1346 aopatre
412 1265 452 1325 de
471 1261 711 1346 indulgentiore
730 1274 849 1344 patruo
866 1260 1035 1343 probabile
1052 1261 1133 1326 est2.

127 1383 173 1447 De
193 1383 228 1448 P.
252 1381 404 1447 Gallonio
423 1384 496 1445 fure
517 1403 555 1446 ae
577 1383 690 1465 guloeo
708 1381 841 1445 bomine
862 1381 986 1446 dictum
1010 1379 1054 1444 ibi
1072 1402 1136 1444 eree

129 1500 257 1584 patet3.
301 1498 627 1583 Undetrigeeimo
656 1501 708 1563 vel
738 1498 947 1583 trigesimo
979 1500 1063 1562 viane
1091 1511 1138 1562 eat

129 1625 223 1703 poe'ta
235 1632 340 1683 totam
352 1617 520 1682 historiam
535 1637 677 1680 narrasse
686 1614 773 1700 deQ.
781 1616 872 1680 Fabii
880 1597 1014 1680 Maximi
1026 1613 1138 1682 Cune-

130 1736 239 1802 tatorie
253 1735 427 1819 prudentia
444 1747 477 1797 et
495 1731 628 1798 Minucii
644 1733 720 1798 Rufi
743 1734 889 1820 magistri
914 1735 1064 1819 equitum
1087 1749 1141 1800 te-

131 1854 294 1917 meritate:
319 1851 400 1936 quin
423 1851 588 1915 inseruisse
606 1851 782 1915 narrationi
806 1852 965 1916 orationee
983 1851 1024 1916 ab
1046 1866 1143 1918 utro·

130 1993 193 2056 que
228 1969 353 2034 habitae
367 1968 394 2033 ⁴.
439 1966 538 2052 Quod
561 1971 712 2052 quamvis
734 1970 845 2055 negari
875 1983 1015 2054 nequeat
1037 1973 1142 2034 multo

132 2090 282 2155 acumine
294 2087 514 2173 excogitatum
527 2101 560 2151 et
572 2087 803 2152 concinnatum
816 2109 899 2164 eree,
913 2101 1025 2153 tamen
1038 2091 1142 2152 saten-

132 2211 224 2283 dum,
252 2206 348 2270 nimie
370 2205 502 2292 ingenio
514 2204 675 2269 Merulam
695 2205 870 2271 indulsisse.
915 2205 1028 2291 Neque
1053 2207 1142 2271 enirn

131 2325 251 2390 satirici
269 2327 384 2406 politae
401 2344 465 2387 esee
488 2337 638 2406 poterat,
669 2328 782 2406 poe'tae
805 2323 888 2408 epici
913 2339 1019 2408 partes
1041 2326 1144 2390 eusci-

134 2463 224 2526 pere.
262 2440 353 2504 Libri
379 2441 577 2526 trigesimi
602 2453 837 2527 argumentum
859 2456 1024 2508 versatum
1048 2465 1146 2532 mag-

133 2583 214 2625 nam
252 2567 381 2642 partem
413 2559 542 2622 ridetur
567 2557 601 2621 in
625 2559 822 2624 maritorum
844 2561 1057 2648 depingendis
1078 2562 1146 2625 mi-

131 2679 243 2754 reriie,
280 2677 337 2761 qui
369 2697 513 2740 uxorum
547 2676 706 2742 illecebris
739 2677 783 2741 ita
815 2678 901 2762 eapti
934 2693 1147 2757 tenerentur,

131 2807 173 2859 ut
191 2794 242 2860 eui
255 2794 338 2878 juria
350 2813 415 2858 eree
426 2793 624 2871 detinerent,
648 2795 706 2879 qui
722 2795 846 2881 legibue
858 2803 1087 2862 coercerentur
1098 2819 1148 2862 ree

132 2935 206 2978 auae
225 2923 387 2996 separatae
418 2910 539 2974 babere
561 2920 596 2975 et
624 2915 790 2980 mundum
818 2914 1015 2978 muliebrem
1036 2929 1069 2980 et
1092 2937 1150 2979 eu-

133 3031 334 3114 pelleetilem
367 3029 578 3094 domesticam
614 3030 738 3094 affatim
757 3033 983 3114 suppeditare,
1008 3046 1041 3097 et
1062 3047 1150 3098 terra

134 3149 290 3233 marique
326 3149 377 3212 rel
394 3168 471 3212 eum
492 3147 604 3230 eapitis
630 3149 775 3230 periculo
795 3170 866 3213 rem
887 3152 1003 3215 facere.
1050 3149 1152 3216 Porro

134 3267 295 3342 tellaria,
312 3263 433 3349 quibus
448 3263 632 3330 femineum
644 3266 815 3352 ingenium
840 3267 923 3332 bene
937 3282 1072 3334 cautum
1083 3291 1153 3335 ma-

137 3385 245 3450 ritum
258 3384 419 3458 eluderet,
443 3384 696 3468 repugnantiam
719 3384 913 3463 hominum,
938 3408 1021 3471 quae
1045 3389 1154 3454 bellua

138 3505 328 3568 multorum
343 3501 489 3585 capitum
517 3501 697 3580 videretur,
720 3503 805 3569 rixae
825 3519 858 3569 et
873 3507 984 3594 jurgia
1000 3509 1155 3594 grauiori-

173 3831 185 3870 ι
227 3811 419 3881 v.gnllam
451 3813 604 3866 bibere.

175 3931 193 3966 ι
231 3912 329 3964 And.
351 3911 749 3974 Setetriotss.ll,2r.

173 4005 194 4062 5
232 4008 395 4060 Merula
413 4008 452 4058 ad
469 4009 557 4060 Ennii
562 4010 674 4078 fragm.
697 4027 725 4077 p.
744 4009 803 4062 2⁵3.

172 4109 194 4158 t
232 4109 253 4157 1
262 4106 289 4157 cl.
308 4105 367 4157 eod.
387 4122 415 4172 p.
433 4101 585 4158 tsi-tet.
