2860 4974
730 377 789 436 150

247 549 418 615 Scaurus
434 549 458 614 1.
482 548 641 635 Quamvis
665 563 777 614 autem
801 553 971 613 latendum
992 551 1055 628 sit,
1079 565 1266 637 utrumque

247 667 342 732 unius
366 681 496 733 tantum
518 667 692 734 satirarum
713 666 789 732 libri
811 669 896 732 noni
916 667 1119 733 mentionem
1143 670 1268 746 seciae,

246 799 358 851 tumen
380 806 446 850 non
469 787 612 851 dubitari
635 798 759 868 potest,
784 783 867 871 quin
890 786 988 850 ceteri
1012 807 1269 871 quoqueesae·

249 916 315 967 tste
338 917 511 969 exstarent.
559 901 794 968 Grammaticis
817 903 907 967 enim
931 903 1016 968 liber
1039 904 1094 969 ille
1116 926 1272 989 praeser-

249 1020 311 1088 tim
334 1043 431 1086 curae
454 1021 611 1104 cordique
634 1019 719 1096 suit,
744 1021 867 1106 quippe
886 1042 963 1088 suae
986 1021 1174 1106 disciplinae
1190 1025 1274 1088 the·

249 1160 360 1204 sauros
390 1140 568 1206 continens.
615 1137 738 1204 Ceteris
765 1141 829 1204 huc
859 1140 968 1204 studio
999 1140 1109 1209 alienis
1136 1155 1273 1206 eotenus

249 1257 297 1322 usi
327 1270 426 1334 sunt,
463 1270 623 1343 quatenus
644 1257 873 1340 antiquitatem
903 1257 977 1322 indo
1000 1259 1159 1324 sermonis
1181 1261 1275 1324 hau-

249 1376 398 1443 riendam
421 1373 485 1440 sibi
505 1387 676 1458 putarunt.
715 1372 812 1458 Quod
835 1373 1030 1460 intelligitur
1052 1396 1092 1439 ex
1113 1373 1154 1439 Α.
1177 1375 1280 1442 Gel-

250 1495 326 1571 lio,
357 1493 414 1579 qui
437 1493 571 1577 suppari
593 1493 656 1558 illis
678 1506 783 1558 aetate
806 1494 941 1571 floruit,
965 1495 1054 1577 apud
1077 1515 1179 1578 quem
1200 1508 1277 1560 est:

252 1613 330 1680 «At
354 1611 408 1676 ille
422 1613 547 1696 jactans
567 1624 601 1674 et
621 1611 779 1697 gestienst
803 1608 876 1675 Non
893 1611 982 1675 enim
1009 1611 1197 1689 Lucilium,
1219 1613 1279 1678 in·

252 1728 345 1814 quit,
369 1727 550 1815 legistis,
573 1728 630 1813 qui
654 1725 938 1814 tergiversatorem
968 1728 1202 1794 bucinatorem
1222 1731 1281 1796 di-

252 1849 297 1912 cit
308 1845 370 1911 ἵ.»
416 1845 548 1912 Publice
579 1867 713 1932 quoque
741 1849 887 1932 ejusdam
910 1868 990 1913 aevo
1012 1848 1130 1913 Lucilii
1152 1849 1280 1914 carmi·

253 1987 295 2030 nn
315 1965 451 2030 recitata
474 1965 592 2042 fuisse,
609 1966 710 2030 modo
727 1965 877 2048 suspicati
895 1985 1018 2031 sumus.
1064 1965 1118 2032 Ab
1136 1967 1200 2032 hoc
1215 1987 1282 2032 ae·

255 2095 321 2150 tata
337 2080 483 2169 proximi
504 2081 669 2147 Lucilium
683 2095 987 2148 commemorarunt
1009 2082 1280 2162 Censorinus,

254 2201 483 2277 Arnobius‚
516 2199 766 2265 Lactantius.
812 2199 958 2265 Primus:
996 2201 1177 2268 «Euclides
1210 2199 1281 2267 So-

256 2318 394 2384 craticus
427 2318 595 2401 duplicem
630 2317 783 2382 omnibus
802 2319 939 2383 omnino
958 2319 1051 2385 nohis
1071 2319 1207 2407 genium
1226 2321 1281 2386 di·

255 2435 301 2500 cit
322 2434 529 2517 appositum:
555 2455 657 2518 quam
680 2454 752 2498 rem
776 2437 865 2518 apud
886 2435 1066 2500 Luu'llium
1084 2437 1119 2500 in
1129 2437 1281 2503 librom-

260 2553 401 2616 tirarum
423 2571 512 2614 nono
535 2549 631 2638 (Cod.
654 2550 719 2615 LB.
733 2563 765 2615 et
780 2547 852 2617 Ald.
866 2551 1095 2638 habantXVl)
1121 2555 1197 2619 licet
1220 2575 1281 2620 co-

260 2689 415 2758 gnoscere
425 2667 474 2730 3.»
488 2667 581 2734 Alter
594 2667 776 2734 Fmasiosm
787 2669 1016 2747 Lucilianum,
1028 2671 1085 2756 qui
1096 2673 1165 2737 sinc
1177 2671 1281 2738 dnbio

257 2787 333 2852 libri
360 2787 475 2852 titulus
495 2784 582 2862 luit,
608 2797 767 2870 tanquam
790 2800 910 2851 notum
929 2787 1117 2872 aequalibus
1130 2787 1280 2872 posuit⁴.

259 2907 308 2972 Ex
341 2903 501 2970 Lactantii
521 2903 712 2969 testimoniis
740 2924 807 2969 non
832 2905 942 2970 minus
971 2906 1181 2990 perspicuum
1217 2908 1278 2984 fit,

259 3023 443 3110 cognovisse
474 3041 551 3086 eum
584 3020 701 3086 Lucilii
734 3022 893 3087 carmina.
945 3021 1038 3107 Quae
1062 3025 1138 3088 licet
1160 3025 1277 3090 dberts

261 3163 422 3227 nusquam
448 3138 686 3224 pronunciata
718 3161 752 3204 sa
786 3142 869 3206 lecta
885 3163 969 3220 esse,
992 3155 1105 3208 tamen
1124 3143 1279 3230 longioris

263 3259 437 3346 fragmenti
461 3259 605 3334 mentio,
628 3271 757 3341 praesto
771 3257 799 3323 ai
815 3261 986 3326 lectionem
998 3259 1161 3325 librorum
1173 3261 1279 3337 inimo,

264 3381 358 3444 docet
368 3377 396 3442 ⁵.
432 3376 600 3442 Praeterea
630 3377 851 3442 Ausonium
875 3378 1016 3462 poeticas
1041 3378 1184 3444 Tetradii
1205 3379 1280 3444 luu-

303 3741 314 3776 t
354 3725 399 3774 Dr
417 3721 547 3786 Orthogr.
567 3737 595 3785 p.
613 3721 690 3774 2255.

303 3842 319 3874 2
355 3817 398 3870 Xl
413 3853 421 3880 ‚
439 3833 469 3886 7.
488 3833 516 3886 9·
538 3813 632 3880 (XX,
652 3819 682 3881 8,
703 3823 729 3884 ι)
763 3819 896 3884 begere
914 3815 948 3870 t:
961 3819 981 3872 Ι.
1000 3819 1036 3872 de
1056 3823 1137 3875 tacita
1155 3823 1280 3875 lectione.

302 3918 319 3966 5
355 3913 536 3966 Dedr'enal.
557 3911 627 3968 e.5·

303 4011 321 4066 4
358 4011 429 4062 Ado.
452 4005 722 4077 Genti-ilpilp.

305 4105 321 4158 5
357 4106 516 4162 Immo.
536 4103 652 4168 Vl‚5‚
675 4127 700 4162 ιι
