2860 4974
761 411 824 470 200

288 607 441 671 quemur.
488 584 599 668 Neque
623 587 710 647 enim
737 584 974 667 impedimento
998 596 1082 647 aetas
1116 582 1152 647 P.
1184 583 1293 646 Rutilii

199 767 201 772 .
289 705 374 786 Lupi
400 704 477 778 erit,
507 702 560 767 cui
596 703 661 766 viti
696 705 852 766 defuncto
878 701 1081 784 aliquamdiu
1103 701 1294 783 superfuisse

288 821 429 885 Lucilius
461 821 636 884 censendus
670 833 736 895 est,
766 839 872 903 neque
904 839 985 902 opus
1013 819 1076 882 erit
1096 831 1295 892 statueres

287 936 412 1003 Lucilio
443 951 630 1001 extremum
662 935 746 1000 vites
777 950 925 1020 tempus,
962 939 1051 1020 quod
1074 937 1187 1000 consul
1209 935 1293 1020 egit,

286 1055 552 1138 praetermissum
589 1075 664 1118 esse.
710 1051 842 1136 Quippe
870 1075 937 1118 non
958 1055 1032 1118 satis
1053 1052 1190 1129 habuit,
1214 1053 1295 1116 deli·

286 1173 435 1237 bercntes
453 1175 492 1236 de
505 1171 622 1236 Rutilii
643 1172 777 1235 interitu
796 1172 878 1234 Deos
899 1172 1009 1254 primo
1027 1171 1112 1236 libro
1124 1173 1293 1246 inducere,

285 1294 341 1356 sed
369 1290 560 1354 instauravit
589 1292 656 1372 ejus
688 1289 884 1354 memoriam
916 1290 950 1352 in
984 1289 1088 1370 operis
1123 1291 1189 1354 fine
1211 1289 1295 1354 libro

286 1408 547 1482 undetricesimo,
594 1403 669 1470 Scio
702 1407 781 1490 quid
810 1407 1005 1472 difficultatis
1024 1408 1183 1488 supersit,
1208 1409 1295 1491 quod

290 1526 418 1590 latuisse
439 1525 631 1607 interpretes
644 1524 756 1588 miror.
792 1521 906 1605 Quum
923 1524 1131 1600 noverimus,
1153 1544 1223 1608 quo
1239 1545 1295 1587 sn-

289 1663 334 1706 no
355 1645 465 1707 consul
489 1640 589 1704 fuerit
614 1640 726 1722 Lupus
753 1641 833 1717 iste,
855 1641 1066 1726 intelligimus
1089 1639 1188 1705 simul
1214 1655 1294 1706 tem·

289 1780 369 1842 pore
392 1758 468 1821 belli
490 1756 682 1822 Numantini
702 1771 817 1820 nutum
842 1757 955 1832 fuisse,
980 1759 1069 1842 quod
1092 1757 1294 1822 contrarium

290 1876 418 1938 videtur
454 1897 519 1940 esse
549 1873 674 1940 Horatii
708 1875 911 1951 testimonio,
945 1877 1033 1958 quod
1065 1875 1222 1958 expressit
1247 1875 1295 1938 his

288 1992 446 2060 versibus:

623 2151 668 2166 —
692 2114 814 2202 Quid?
834 2138 910 2180 cum
934 2129 984 2180 est
1009 2115 1174 2180 Lsses'ls'us
1190 2137 1295 2180 ausus

331 2233 482 2297 Primus
500 2234 541 2295 ἐπ
553 2232 641 2295 dune
652 2237 765 2318 operis
778 2255 971 2320 componere
982 2237 1143 2298 earmina
1156 2253 1293 2310 morsm

331 2349 525 2413 Detrahere
543 2361 576 2412 et
595 2350 735 2435 pellem,
758 2351 897 2414 nitidus
915 2373 984 2437 qua
997 2353 1215 2437 quisqueper
1235 2371 1295 2414 ora

332 2467 479 2543 Cederet,
498 2471 693 2533 introrsum
715 2474 853 2556 turpis.-
874 2493 958 2534 num
983 2469 1127 2534 Laelius
1149 2481 1213 2534 atat
1235 2471 1296 2556 qui

331 2584 448 2648 Ducit
469 2585 513 2648 ab
534 2607 694 2671 oppressu
713 2590 880 2650 meritum
905 2586 1123 2673 Carthagine
1146 2607 1266 2650 nomen

332 2701 479 2790 Ingenio
504 2701 653 2788 effctui?
677 2716 739 2767 aut
762 2707 851 2768 laeso
871 2704 1010 2768 doluere
1032 2703 1203 2769 Metello?

332 2819 555 2905 Fumosisque
579 2819 677 2907 Lupe
694 2833 848 2908 cooperto
870 2822 1050 2886 versibus?
1061 2859 1106 2875 -

287 2959 305 3000 e
335 2937 453 3020 quibus
488 2937 563 3002 satis
590 2951 701 3020 petere
733 2939 839 3015 dicas,
863 2935 1012 3021 Scipione
1033 2953 1067 3003 et
1084 2937 1199 3002 Laelio
1220 2937 1297 3003 vivis

289 3055 374 3137 Lupi
402 3077 440 3119 sc
471 3054 592 3118 Metelli
624 3057 826 3120 mentionem
853 3078 872 3120 a
900 3056 1027 3122 Lucilio
1048 3077 1112 3120 esse
1135 3061 1256 3122 factam
1269 3055 1294 3122 ¹.

288 3171 375 3239 Fieri
411 3194 491 3236 vero
510 3194 577 3236 non
599 3173 727 3255 potuit,
761 3187 797 3236 ut
818 3174 989 3255 superstite
1010 3171 1160 3256 Scipione
1178 3171 1296 3238 Rutili·

289 3311 347 3354 um
369 3289 503 3370 Lupum
524 3292 628 3355 satiris
652 3291 863 3373 prosciderit,
892 3291 1015 3374 quippe
1037 3296 1218 3375 puerulum
1238 3291 1297 3356 sub

289 3405 447 3488 Scipionis
476 3408 615 3473 obitum.
667 3408 774 3474 Facile
809 3409 910 3494 igitur
933 3409 1051 3472 erroris
1083 3410 1296 3492 interpretem

289 3545 523 3607 argueremus,
557 3525 615 3588 uisi
651 3527 752 3588 fidem
786 3525 815 3588 ei
845 3527 932 3590 haud
967 3539 1091 3590 temere
1114 3531 1297 3612 negendam

289 3664 353 3705 esse
384 3643 464 3704 illud
491 3642 673 3719 indicaret,
702 3647 792 3728 quod
823 3645 909 3708 hanc
936 3645 1077 3728 aliasque
1100 3646 1298 3730 interpreta-

290 3761 391 3822 tiones
417 3757 455 3824 iis
480 3760 627 3824 videatur
655 3762 816 3838 debuisse,
841 3763 898 3847 qui
915 3772 1067 3834 accurate
1089 3767 1129 3828 de
1154 3763 1295 3848 personis

301 3963 580 3986 ---··-·--ν

326 4115 337 4154 t
376 4097 442 4163 Sup.
464 4117 492 4164 p.
510 4099 553 4166 15,
573 4101 616 4156 65,
