2888 4972
665 433 727 498 stt

188 613 260 696 jam
277 610 373 678 fuisse
389 623 495 694 patet,
507 609 567 695 qui
584 629 623 678 ex
642 609 778 697 triginta
791 623 977 698 satyrarum
989 610 1079 676 libris
1089 610 1202 698 viginti
1294 645 1300 660 ·

192 729 316 814 priores
338 729 611 796 hexametris
635 743 718 796 totos
739 730 914 796 constitisse
939 732 1203 816 fragmentorum

191 851 256 916 fide
267 850 421 914 affirmari
436 870 523 934 posse
534 847 714 934 suspicatus
725 863 815 926 erat,
828 849 968 934 reliquos
980 869 1093 914 onrnes
1106 869 1204 931 prae·

190 981 241 1032 ter
263 968 469 1055 trigesimum
490 1005 537 1018 -
559 989 599 1034 ox
622 969 817 1036 heroicis
838 968 1058 1051 compositum
1081 1003 1127 1018 —-
1147 977 1205 1030 eut

186 1087 372 1172 iambicis
391 1099 450 1152 aut
473 1086 689 1152 trochaicis
715 1087 860 1152 numeris
890 1087 1080 1152 constitutos
1101 1085 1205 1150 fuisse.

191 1232 209 1274 «
223 1203 256 1272 Si
269 1227 352 1290 quos
365 1225 460 1282 vero,
485 1205 605 1290 inquit,
617 1205 650 1270 in
670 1206 785 1272 iisdem
805 1205 897 1272 libris
909 1206 1084 1290 aliquando
1097 1227 1205 1270 sersus

191 1325 336 1390 heroicos
371 1325 534 1400 offendas,
562 1345 614 1390 eos
633 1324 675 1390 sb
705 1325 773 1390 aliis
790 1325 882 1390 libris
903 1325 1065 1392 aberrasse
1091 1337 1206 1408 putato

190 1444 317 1508 incuriis
351 1443 564 1510 librariorum
591 1443 801 1510 mammet»
847 1441 961 1530 Neque
983 1444 1139 1510 obhorret
1163 1444 1205 1507 ab

189 1564 251 1627 hac
274 1562 446 1647 opinione,
470 1563 560 1646 quod
577 1562 731 1650 ambigue
749 1562 874 1628 dictum
895 1564 930 1628 in
951 1560 1086 1628 Horatio
1106 1585 1205 1647 supro

189 1683 407 1766 explicuimus
429 1693 529 1748 etum
547 1681 631 1770 pedo
652 1684 693 1747 irs
714 1705 803 1759 uno,
828 1703 895 1768 quo
916 1696 1092 1767 perpetuus
1111 1683 1205 1746 unius

187 1802 289 1868 metri
312 1823 385 1868 usus
414 1801 576 1868 indicetur
589 1801 616 1868 ².
663 1799 816 1885 Suspicor
842 1816 976 1878 tumen,
1000 1803 1100 1867 etiam
1124 1803 1204 1868 alius

187 1919 315 2008 generis
336 1934 443 1986 metra
466 1919 620 1988 exstitisse
638 1920 672 1984 in
685 1921 801 1986 Lucilii
822 1941 931 2004 opere,
955 1921 1202 2006 primumquod

188 2041 334 2124 plurima
365 2043 552 2126 fragments
576 2038 812 2115 inveniuntur,
846 2061 931 2124 quse
947 2042 1036 2124 opud
1058 2041 1201 2104 Domum

189 2173 347 2244 tanquam
361 2157 466 2224 omnis
484 2158 582 2224 metri
594 2160 781 2245 legesolute
799 2171 981 2226 exstant—
1004 2180 1134 2242 prosam
1147 2182 1204 2223 au·
1257 2195 1262 2212 ·

187 2291 257 2346 tem
278 2277 461 2354 Lucilium,
485 2291 523 2342 ut
542 2278 657 2344 deiude
671 2277 867 2353 Varronem,
889 2278 975 2361 poi'si
992 2277 1203 2344 immiscuisse

189 2420 257 2466 uon
276 2397 369 2464 facile
387 2397 549 2464 credimus
576 2411 720 2466 suvetot
739 2397 931 2484 Quintiliani
951 2399 1125 2464 auctoritas
1136 2421 1200 2477 -3

189 2528 359 2601 praeterea
377 2513 548 2582 Petronius
571 2519 680 2582 lavere
703 2517 780 2585 huic
800 2516 947 2601 opinioni
969 2517 1121 2596 videtur,
1144 2518 1201 2604 qui

190 2647 364 2720 postquam
395 2655 433 2700 eu
462 2634 657 2717 scripserat,
692 2655 776 2720 quse
799 2637 871 2719 jum
893 2637 1201 2712 memoravimus³‚

188 2757 247 2820 hos
270 2773 378 2819 sersus
398 2752 520 2819 edidit:

232 2868 340 2939 Artis
362 2873 549 2938 reserasti
570 2874 651 2958 quie
675 2871 796 2936 ltcmut
817 2869 979 2958 effectus,

230 2989 445 3076 Montemque
464 2992 607 3080 magnis
628 2991 807 3078 applicat,
827 2994 936 3077 prius
958 3015 1069 3056 necros

232 3107 480 3199 Frugalitats'e
505 3110 578 3199 legs
590 3111 710 3197 poliat
731 3121 878 3184 exusta.-

230 3226 418 3297 Nestoret
442 3229 519 3294 alto
542 3233 682 3318 regium
704 3241 834 3294 trucem
853 3230 957 3298 cultu

230 3349 414 3435 Clismque
435 3363 553 3417 coense
572 3350 819 3434 impotentium
843 3359 980 3435 captet,-

230 3465 302 3536 Nsc
321 3467 477 3555 perditis
496 3465 659 3534 addictus
683 3466 807 3536 obruat
833 3469 914 3532 sisto

231 3587 364 3658 Mentis
384 3586 553 3664 coloratu,
576 3609 653 3658 csso
670 3588 821 3673 plausor
844 3589 885 3652 irs
905 3609 1005 3654 rento

230 3705 353 3778 Matr
377 3706 550 3775 redemtus
573 3707 787 3777 histrionico
810 3705 983 3776 addictus.

223 4007 237 4046 ι
275 3990 655 4063 AdhuciItFrtpqp.

223 4105 241 4139 2
275 4103 303 4154 Pa
323 4101 383 4140 tol·

223 4182 242 4236 3
272 4200 301 4250 p.
318 4185 364 4256 87,
383 4183 430 4250 88,
452 4184 511 4236 108.
