2888 4972
782 345 847 406 246

311 515 447 586 Horum
467 543 620 586 versuum
646 535 684 586 ut
708 521 912 608 aliquatenus
933 536 1063 586 aeneum
1088 541 1325 608 assequamur,

311 643 451 704 tenenda
478 655 554 704 sunt
575 661 658 726 quae
682 639 709 702 F
710 653 794 704 eatue
815 652 948 705 monet:
986 663 1003 702 a
1018 636 1157 710 Scurrae
1177 639 1327 706 vocabu·

313 763 385 824 lum
414 759 548 826 Verrius
575 757 774 842 ineptissime
796 771 914 830 auter
935 757 1062 824 Graeco
1086 773 1235 827 tractum
1259 759 1325 838 ait,

225 889 230 896 ·
313 880 402 962 quod
426 890 472 941 est
496 879 670 962 σκιρτάζειν
697 877 751 964 (al.
777 874 999 960 σκυῤῥάζειν),
1023 889 1081 942 aut
1105 880 1324 962 eaequendo;

315 997 366 1060 cui
386 996 490 1082 magis
516 995 711 1071 assentitur,
749 997 839 1079 quod
861 1009 893 1058 et
916 995 1071 1060 tenuioris
1093 998 1248 1060 fortunae
1267 997 1327 1060 lto-

313 1114 417 1180 minae
444 1127 477 1176 et
495 1113 595 1176 ceteri
619 1112 761 1196 alioqui,
788 1111 845 1196 qui
869 1112 1001 1178 honoria
1015 1113 1121 1200 gratie
1141 1133 1327 1198 proseque—
1440 1115 1441 1118 ’

314 1243 430 1295 rentur
455 1230 668 1315 quempiam,
693 1251 759 1292 non
776 1231 966 1294 antecedere
976 1231 1032 1294 aed
1043 1231 1135 1315 aequi
1146 1231 1213 1298 sint
1221 1231 1326 1307 soliti,

314 1345 393 1438 quia
405 1348 555 1413 videlicet
565 1347 651 1412 dicat
665 1347 808 1414 Lucilius
822 1374 828 1409 ε
844 1347 1019 1416 Corneliu'
1032 1385 1089 1414 -.
1103 1347 1192 1426 Cum
1202 1363 1328 1424 secutae
1440 1413 1441 1436 ,

315 1466 418 1532 videri
442 1465 519 1530 velit
540 1465 582 1528 ob
605 1485 722 1528 eorum
742 1465 863 1552 jurgia,
885 1486 953 1532 non
974 1467 1017 1533 ob
1036 1467 1211 1534 adsuetum
1224 1465 1329 1532 offici·
1440 1555 1441 1560 ἵ

317 1606 419 1649 um.»
451 1582 673 1668 Scaliger,
698 1585 881 1669 quivereue
903 1583 1211 1673 Luciliieorruptoe
1230 1585 1325 1665 aliter
1440 1587 1441 1590 ’

317 1700 485 1772 constituit
495 1747 504 1778 ,
515 1702 643 1784 putavit
657 1698 844 1784 Scipionem
864 1701 1074 1770 interuenisse
1086 1702 1176 1768 rixae
1189 1716 1223 1768 et
1233 1703 1328 1777 dicti·
1440 1777 1441 1800 χ

316 1821 425 1885 mollis
450 1813 619 1896 cuiusdam
643 1819 795 1884 hominis.
843 1819 944 1883 Recte
970 1819 1104 1888 Barth
1127 1821 1328 1888 vocabulum

317 1961 443 2004 scurra
464 1937 499 2000 in
520 1937 663 2002 versibus
679 1935 796 2000 Lucilii
817 1937 1025 2014 desideravit;
1062 1941 1152 2022 quod
1169 1937 1329 2022 quamei
1440 1949 1441 2032 J

317 2061 418 2124 latere
436 2053 602 2122 videretur
628 2055 662 2118 in
683 2075 760 2118 voce
779 2053 931 2143 effictae,
960 2055 1007 2120 ita
1019 2056 1191 2121 restituere
1200 2057 1327 2131 uoluit,
1440 2089 1441 2116 l

318 2189 356 2239 ut
392 2177 571 2260 legeretur:
609 2171 696 2240 Orci
725 2171 888 2246 deliciis,
926 2173 1054 2248 culici,
1089 2173 1327 2238 scurrae—¹.

318 2291 412 2376 Quae
435 2292 519 2356 ratio
545 2290 695 2374 quamvis
715 2288 900 2371 displiceat,
932 2303 1045 2354 tamen
1070 2293 1244 2358 fatendum
1267 2292 1331 2358 erit

320 2411 375 2473 vix
399 2411 479 2472 illud
498 2407 698 2472 vocabulum
722 2407 757 2470 in
779 2407 815 2472 iis
847 2428 930 2491 quae
953 2409 1261 2493 exetantoorrumpi
1273 2429 1331 2493 po-

319 2527 426 2590 tuisse.
464 2522 749 2606 Simplieieeimum
767 2545 890 2592 esseae
913 2524 1190 2604 verisimillimum
1226 2541 1330 2611 puto.

323 2642 442 2708 ultima
462 2637 509 2708 ita
529 2643 675 2738 suppleri
696 2655 868 2724 oportere:

675 2796 721 2810 -—
743 2759 853 2827 tnulte'
876 2771 979 2846 atque
993 2761 1197 2847 frequentes

366 2876 516 2946 Scurrae
533 2913 579 2929 «-

322 2999 430 3062 Facile
447 2998 593 3060 excidere
617 2997 679 3060 hoe
699 3008 905 3081 postremum
927 2996 1126 3065 vocabulum
1144 3000 1278 3082 potuit,
1292 3001 1332 3066 ei-

323 3117 457 3200 quidem
482 3114 641 3178 ultimum
665 3134 819 3190 veroum,
848 3113 943 3178 litera
965 3137 982 3178 e
1006 3117 1173 3196 clausum,
1193 3118 1333 3202 excipiat

322 3256 411 3299 eum.
458 3233 573 3319 Itaque
608 3233 697 3295 haud
720 3232 829 3314 inepte
846 3231 1060 3314 putabimus,
1093 3235 1128 3297 in
1147 3235 1196 3300 hie
1215 3237 1334 3300 scurris

324 3351 382 3433 qui
403 3355 538 3434 loquens
556 3372 575 3414 a
602 3349 726 3414 Lucilio
747 3350 899 3415 inductus
920 3351 980 3427 eit,
1001 3315 1101 3418 'tuine
1114 3351 1333 3420 Pantolabum

323 3468 425 3532 istum
461 3468 519 3550 qui
551 3468 687 3550 proprio
716 3468 849 3532 nomine
882 3467 1012 3534 Mallius
1044 3471 1222 3537 diceretur.
1270 3469 1335 3537 Nec

325 3603 530 3670 quremquam
565 3584 725 3660 offendet,
758 3587 847 3669 quod
870 3585 918 3649 illi
949 3599 1052 3650 semet
1072 3587 1156 3672 ipeoe
1190 3611 1336 3654 acerrae

326 3704 513 3787 appellent,
550 3701 649 3763 modo
678 3715 831 3784 reputet,
868 3703 986 3768 fictum
1010 3726 1028 3768 a
1053 3703 1184 3770 satirico
1207 3727 1336 3772 aermo-

326 3840 403 3883 nem
432 3818 494 3881 illie
523 3815 637 3881 tribui.
684 3815 798 3902 Carpit
824 3841 903 3906 ergo
931 3818 1090 3897 Verrium
1111 3821 1248 3900 Fertur,
1272 3825 1336 3888 sal·

324 3955 361 4008 eo
386 3936 585 4000 arbitratum
610 3956 738 4001 scurrae
775 3935 850 4004 ietoe
868 3939 998 4004 honoria
1021 3939 1117 4006 eausa
1143 3939 1335 4026 Scipionem

325 4053 605 4074 mu·—

364 4115 375 4166 ῃ
414 4101 485 4154 Adv.
506 4101 638 4168 XXVII,
658 4124 682 4157 a·
