2860 4974
627 380 709 446 tot·

155 562 208 628 Ad
239 583 339 648 quem
370 562 478 624 locum
491 557 669 624 Charisius:
696 584 713 624 u
729 558 881 641 Namque
904 559 985 622 adeo
1004 555 1169 640 prolixum

156 681 316 764 temporis
345 679 490 762 spatium
510 678 689 766 significat,
721 690 758 740 ut
776 676 920 760 judices,
945 675 1171 760 quotiescum·

157 821 225 882 qne
244 798 475 886 significarent,
495 798 602 862 adhuc
623 817 656 862 se
670 793 783 860 audire
800 797 892 870 velle,
915 794 1073 882 arnpliue
1086 793 1173 860 dice·

149 916 277 1008 ¹butu.»
324 914 487 980 Postrema
506 913 603 978 verba
619 935 684 978 non
705 915 797 978 video
815 933 882 998 quo
898 926 1066 996 specten13
1088 911 1170 976 illud

160 1055 253 1110 tero,
276 1037 363 1120 quod
383 1036 422 1096 de
446 1032 573 1116 prolixo
591 1047 739 1114 tempore
758 1031 991 1096 animadvertit
1007 1075 1015 1106 ,
1029 1029 1171 1105 indicat,

158 1153 266 1226 Deos,
298 1150 354 1235 qui
384 1150 563 1216 diutissime
583 1149 740 1236 singulari
767 1149 846 1213 curti
867 1149 1093 1212 Romanarum
1116 1170 1171 1212 re-

158 1292 236 1336 rum
252 1269 379 1356 gloriae
392 1282 424 1331 et
443 1264 652 1350 amplitudini
666 1265 898 1354 invigilassent‚
911 1267 1168 1350 desperassejam

155 1391 198 1452 de
231 1388 286 1452 illa
315 1386 441 1469 imperii
472 1385 613 1450 Romani
639 1385 959 1462 iinnrortatitatet,
995 1402 1167 1468 postquam

155 1519 338 1592 cognorant
358 1504 464 1588 qualia
483 1523 549 1566 non
567 1499 723 1586 privatim
745 1516 892 1578 tanturm,
915 1505 971 1566 sed
992 1503 1089 1566 ctiam
1107 1524 1168 1586 pu·

158 1625 240 1688 blice
256 1625 375 1686 scelera
393 1636 426 1684 et
443 1620 564 1706 flagitia
588 1619 725 1706 impune
743 1635 978 1706 grassarentur.
1025 1621 1071 1688 Ut
1094 1642 1170 1684 toro

157 1754 264 1806 cetera
297 1739 427 1822 quaevis
461 1738 539 1802 vitia
567 1739 657 1824 gravi
690 1739 834 1804 oratione
860 1748 1046 1821 persecutus
1070 1739 1169 1802 uideri

157 1871 264 1944 potest
285 1855 451 1930 Lucilius,
475 1856 517 1918 ita
534 1855 735 1938 potissimum
759 1858 799 1918 de
817 1858 1016 1942 inspiciatis
1033 1857 1171 1920 crimine

156 1978 241 2062 egit:
266 1975 312 2040 sio
324 1987 459 2049 autem,
480 1986 516 2036 ut
540 1971 704 2038 Ciceronis
730 1973 828 2036 verba
842 1974 1008 2049 indicant,
1031 1975 1119 2060 egit,
1136 1988 1171 2037 ut
1245 2013 1248 2019 ,

157 2094 372 2176 pessimorum
394 2111 603 2176 quorumque
621 2091 805 2154 studiorum
823 2095 892 2154 l'ons
915 2093 970 2154 illa
983 2091 1169 2154 uberrimus

155 2213 381 2278 ostenderetur
401 2230 476 2274 esse.
521 2205 613 2292 Quae
634 2209 660 2272 si
680 2209 947 2294 cogitaverimus,
973 2209 1172 2296 intelligetur

156 2331 272 2405 l'acile,
294 2327 500 2392 Lucilianum
523 2326 620 2390 illum
638 2349 687 2392 res
709 2326 910 2390 describendi
924 2329 1170 2412 exponendique

157 2451 296 2514 nandum
320 2467 424 2510 tinum
445 2445 699 2510 efficacissimum
718 2445 816 2510 luisse
836 2447 1095 2510 adereitandnm
1106 2468 1172 2530 pu-

156 2569 273 2630 dorem
305 2579 338 2628 et
356 2563 526 2646 probrosos
549 2583 655 2626 mores
680 2565 922 2640 emendandos,
947 2586 1087 2650 vereque
1108 2563 1170 2629 Ju-

159 2689 307 2748 venalem
331 2681 543 2764 praedicasse,
560 2693 686 2744 tantam
704 2680 880 2746 satirarum
903 2683 970 2746 vim
997 2684 1112 2759 scrisse,
1136 2700 1173 2748 ut

155 2804 213 2890 qui
234 2821 349 2866 earum
371 2798 551 2865 recitationi
570 2779 776 2872 interessent,
801 2799 1028 2866 erubescerent
1040 2801 1167 2864 audito-
1193 2857 1195 2862 .

156 2945 205 2988 res
226 2935 260 2986 et
282 2919 378 2986 taciti
396 2919 493 3002 culpd
511 2919 622 2982 sudari
643 2931 776 3004 pectora
796 2921 966 2984 sentirent.
1014 2919 1109 2984 Hunc
1134 2921 1170 2985 li·

156 3042 258 3106 hrum
284 3039 323 3102 L.
338 3035 419 3102 Aelii
442 3035 571 3102 Stilonis
596 3037 720 3101 nomini
746 3038 907 3122 inscripsit
918 3037 945 3102 ².

146 3243 150 3254 ι
199 3161 249 3226 Dc
274 3157 546 3222 librosecundo
560 3159 830 3235 memorandum,
855 3159 944 3241 quod
957 3157 1107 3223 Ellendto
1122 3161 1173 3224 vi·

154 3301 228 3344 rum
249 3297 315 3340 esse
338 3275 484 3362 cognovi.
531 3273 560 3338 ls
585 3275 673 3340 enim
694 3280 734 3339 de
755 3274 801 3339 M.
829 3273 956 3340 Aemilii
972 3257 1091 3341 ⁸Scauri
1107 3279 1172 3346 vita

156 3397 323 3480 disputans
358 3417 375 3458 ιι
397 3393 564 3470 moribus,
594 3395 657 3469 ait,
690 3394 714 3456 si
744 3391 893 3458 Ciceroni
922 3397 1053 3471 credas,
1091 3399 1170 3462 nihil

103 3601 109 3610 ι
155 3513 319 3587 sanctius,
343 3511 424 3576 nillil
445 3512 595 3597 gravius,
620 3509 700 3574 nihil
725 3511 891 3596 antiquius
917 3515 988 3578 snit.
1038 3514 1078 3579 At
1103 3513 1172 3582 Sal·

156 3633 271 3698 lustius
295 3630 371 3716 Jug.
399 3633 459 3706 15,
484 3644 516 3692 et
532 3631 574 3694 ab
596 3634 659 3694 hoc
683 3645 846 3714 respectus
869 3635 998 3698 luctasse
1013 3635 1171 3710 Lucilius,

157 3749 353 3816 Saturarum
379 3747 452 3810 libri
478 3748 610 3812 secundi
632 3749 839 3833 fragmentis,
865 3750 982 3836 ingenii
1003 3751 1173 3836 magnitu-

159 3867 270 3930 dinem
293 3887 369 3928 ctnu
391 3885 427 3928 ea
454 3885 585 3928 morum
609 3867 890 3949 fallaciajnnctnm
908 3868 1021 3938 fuisse,
1049 3883 1172 3953 utspe-

179 4019 342 4029 -ι-ο-μ
352 4017 456 4027 ..ιο-..-

197 4077 208 4114 ι
246 4061 298 4112 Ctt.
317 4075 387 4126 quw
405 4075 484 4125 suprra
504 4059 622 4111 diximus
642 4079 669 4126 p.
687 4079 721 4124 7⁰
739 4029 811 4128 ιψι.1

198 4175 212 4208 ²
249 4159 328 4226 nup.
350 4159 382 4208 tle
406 4161 434 4208 1.
456 4157 519 4207 Aet.
541 4158 607 4211 Stil.
630 4175 654 4224 p.
675 4157 718 4219 06.
