2888 4972
749 425 813 488 ‚tot

273 607 513 686 resumendum
536 603 579 670 sit
597 625 639 669 an
662 602 814 698 imperite
837 603 861 668 is
883 601 1015 678 lecerit,
1039 601 1096 686 qui
1119 599 1291 665 dicemini·

276 748 332 790 rna
361 730 490 810 poe'seos
523 744 643 811 genera
675 722 821 788 Graecae
853 735 887 786 et
908 697 1045 786 Latinae
1067 739 1134 785 uno
1156 719 1291 785 nomine

275 843 561 928 comprehenderit
574 840 608 920 ¹,
632 828 711 907 'aliie
741 840 950 926 carpentibus
983 837 1194 927 grammatici
1228 838 1292 903 ob·

271 963 462 1028 neptitatem
485 975 518 1026 et
539 961 794 1048 negligentiam,
820 981 886 1046 qua
907 959 1098 1043 imprudens
1118 959 1212 1024 facile
1235 958 1292 1022 de·

274 1081 415 1166 cipiatur
450 1095 483 1146 et
517 1083 568 1146 vel
592 1081 757 1146 Lucilium
782 1083 824 1146 ad
848 1079 1051 1145 Graecorum
1073 1079 1289 1168 satyricorum

272 1222 405 1284 morem
423 1197 584 1288 jambie,
609 1201 660 1264 rel
686 1201 743 1266 hos
769 1197 940 1267 Luciliano
962 1220 1056 1265 more
1078 1199 1292 1264 hexametris

271 1319 431 1402 scripsisse
452 1319 513 1384 sibi
538 1317 778 1402 perrundeet2,
806 1318 876 1383 eliis
901 1331 1010 1383 totum
1033 1320 1144 1382 locum
1168 1319 1210 1382 ed
1232 1339 1292 1381 ve·

271 1439 348 1504 teris
372 1439 541 1504 Romanae
562 1441 691 1521 poe'seoe
716 1437 885 1503 historiam
907 1437 1015 1521 inepte
1038 1438 1290 1502 accommodan-

272 1557 358 1622 tibus
370 1547 419 1623 3
445 1555 573 1624 Verum
600 1577 619 1620 e
648 1555 794 1622 lectionis
827 1555 983 1623 varietate
1011 1569 1123 1640 patere
1147 1556 1289 1640 opinor,

271 1677 377 1742 eliend
401 1690 435 1740 et
455 1675 610 1759 imperitd
634 1696 737 1740 manu
757 1676 954 1759 interpolata
974 1695 1058 1752 esse,
1073 1696 1157 1761 quoe
1168 1676 1209 1741 de
1222 1676 1289 1741 Ln-

270 1795 345 1860 cilio
376 1807 623 1872 memorantem
661 1815 745 1880 quae
781 1793 989 1880 interpolatio
1015 1795 1138 1860 multoe
1162 1795 1291 1880 decepit

270 1927 303 1988 et
324 1913 358 1978 in
376 1935 453 1982 eum
479 1934 626 1984 errorem
651 1910 805 1989 induxit,
828 1921 868 1978 ut
892 1915 1063 1980 confusam
1084 1912 1289 1980 Graecorum

269 2047 304 2098 et
320 2033 548 2100 Romanorum
572 2034 685 2117 poe'sin
711 2032 945 2104 existimarent.
969 2033 1061 2100 Vitio
1078 2047 1190 2098 eutem
1212 2033 1291 2098 sub-

268 2155 336 2218 lato
371 2174 469 2217 nemo
498 2153 638 2237 amplius
670 2153 853 2236 dubitabit,
891 2154 972 2239 quin
1008 2157 1050 2220 ad
1084 2153 1290 2220 Graecorum

270 2273 472 2347 comoediam
497 2285 529 2336 et
552 2270 742 2357 satyricum
770 2274 885 2338 dama
909 2273 1099 2341 referendus
1119 2271 1165 2338 tit
1184 2275 1290 2340 locus.

271 2391 367 2458 llnde
387 2411 466 2454 vero
487 2391 540 2454 ille
566 2390 736 2455 Lucilii
748 2390 896 2456 mentio?
920 2401 1038 2455 ulrum
1051 2403 1175 2456 temere
1187 2393 1290 2477 injec-

270 2523 327 2585 ta,
349 2531 390 2572 en
412 2509 541 2573 aliunde
562 2507 739 2582 arcessita?
762 2507 852 2573 Nihil
875 2511 1010 2594 quidem
1026 2509 1134 2576 simile
1146 2511 1290 2578 aliorum

269 2625 462 2696 testimoniis
491 2641 636 2708 comtum
674 2649 791 2694 verum
822 2629 953 2694 odorari
989 2629 1087 2706 licet,
1120 2631 1209 2695 unde
1238 2631 1287 2704 ie,

269 2747 327 2833 qui
350 2747 467 2832 adjecit
489 2747 590 2812 verba
611 2747 688 2823 illa,
713 2746 853 2832 petierit.
883 2745 1005 2812 Nonius
1024 2749 1138 2813 tradit:
1165 2775 1182 2813 a
1195 2747 1288 2815 Poe-

268 2867 319 2932 sis
342 2880 374 2930 et
395 2870 533 2952 poe'me
554 2867 640 2930 benc
661 2865 786 2931 habent
808 2865 1010 2931 distantiam:
1033 2867 1136 2952 poe'sie
1158 2881 1288 2933 esttex·

270 2999 322 3068 tus
348 2986 569 3070 scriptorum,
602 2989 721 3068 poe'ma
754 2984 901 3050 inventio
925 3005 1046 3068 parva,
1070 3007 1154 3072 quae
1172 2989 1285 3070 paucis

268 3103 375 3170 verbis
399 3105 615 3188 expeditur.»
650 3103 842 3189 Sequuntur
868 3104 986 3168 Lucilii
1005 3125 1113 3170 aereus
1133 3107 1193 3192 qui
1211 3129 1286 3191 par-

269 3222 330 3286 tim
354 3221 384 3290 J.
408 3221 551 3288 Dousam
573 3235 743 3288 auctorem
761 3221 902 3288 babent:

313 3337 415 3404 Nunc
450 3341 531 3404 ltaec
560 3339 650 3427 quid
679 3341 818 3418 relect,
853 3339 978 3428 quidve
1013 3342 1094 3408 huie
1122 3347 1287 3412 interciet

1122 3462 1240 3540 titud,

315 3577 517 3668 Cognosces:
536 3581 697 3664 primum
715 3577 787 3654 leco,
800 3577 891 3666 quod
901 3577 1056 3644 dicimus
1067 3603 1137 3650 em
1143 3585 1286 3668 pedem,

285 3752 290 3783 :
315 3698 481 3786 Cujuevie
502 3700 618 3786 operis
635 3711 878 3784 porrectam
897 3721 1029 3788 magno
1048 3705 1171 3788 primo
1181 3727 1197 3780 ,·

304 3993 315 4032 1
355 3981 504 4034 carcub.
521 3983 554 4034 de
575 3983 675 4050 Satyr·
692 3985 775 4052 poesi
792 3999 817 4048 p.
839 3999 880 4050 tp.

280 4097 331 4144 μ’,
350 4079 512 4130 Reuvene
530 4078 550 4130 l.
568 4079 591 4130 l.
608 4097 637 4146 p.
655 4080 699 4134 85.

287 4173 317 4246 ,β
334 4237 337 4244 Ι
352 4176 500 4244 Rupert.
524 4177 786 4246 desso1.Rom.p.
808 4177 924 4232 xblll.
