2860 4974
617 399 678 460 tta

147 575 182 642 lit
213 573 356 641 Lucilius
381 573 414 638 in
439 595 474 637 re
509 573 601 659 grati
632 587 664 638 et
698 573 835 636 maximi
867 571 1047 644 momenti,
1075 591 1158 654 quae

146 697 411 782 neglectsantea
431 694 586 776 jacuerat.
612 691 656 756 Et
680 691 875 774 praecepisse
893 689 1027 774 quidem
1048 691 1158 754 deor·

145 811 342 897 thographia
363 831 441 874 eum
461 810 638 892 accipimus
653 809 677 876 ¹.
723 807 927 872 Memoratur
950 807 1031 874 item
1054 805 1159 891 Quia·

143 929 258 994 tiliano
288 929 404 994 Lucilii
431 931 472 994 de
505 929 679 992 formando
702 926 821 1010 plurali
850 946 990 992 nurnero
1006 946 1160 1009 praecep-

145 1061 244 1123 tum,
268 1049 358 1131 quod
381 1047 459 1132 qaia
482 1045 631 1128 pluribus
649 1042 848 1127 explicatum
863 1057 943 1108 esset
960 1043 1002 1108 ab
1026 1063 1066 1108 eo
1088 1065 1160 1108 ver-

145 1165 260 1244 essius,
294 1167 382 1248 apud
417 1183 494 1230 eum
520 1163 643 1248 requiri
671 1162 707 1226 in
725 1181 815 1228 nono
831 1163 916 1226 libro
936 1160 1078 1228 volunt.
1123 1161 1163 1226 In

147 1304 187 1348 eo
207 1297 321 1348 autsmr
340 1283 543 1366 disputatum
561 1282 676 1346 luitde
688 1279 823 1368 singulis
834 1279 934 1344 literis
947 1278 975 1354 ³,
998 1279 1162 1346 vocalibus

146 1417 179 1468 et
214 1403 485 1478 consonantibus,
519 1402 560 1464 de
588 1401 821 1486 diphthongis,
856 1402 910 1464 de,
927 1399 1163 1466 vocabulorum

149 1521 364 1586 declinatione
395 1517 553 1603 aliisque,
583 1539 667 1604 qnae
684 1520 749 1582 huc
771 1518 936 1600 pertinere
959 1530 1161 1584 censeantur.

148 1637 235 1704 Hinc
259 1637 438 1704 existimari
468 1635 589 1718 poterit
606 1637 646 1700 de
665 1637 762 1720 hujus
779 1636 855 1700 libri
879 1635 973 1718 copia
991 1647 1024 1700 et
1045 1635 1163 1720 ampli-

148 1757 285 1833 tudine,
306 1755 481 1840 quonism,
505 1775 589 1838 quae
606 1754 755 1837 primum
766 1768 1007 1834 tractarentur,
1030 1755 1078 1821 his
1089 1757 1164 1822 bre-

148 1877 232 1942 viter
252 1874 389 1961 defungi
413 1879 510 1956 poen
528 1893 596 1938 uon
615 1884 754 1956 poterat.
799 1870 880 1956 Quis
902 1887 1014 1938 autem
1035 1877 1102 1958 ejus
1123 1875 1164 1942 ti·

149 1996 237 2058 tulus
257 1991 381 2066 fuerit,
417 1990 607 2056 videndum.
653 1989 823 2054 Nonnullis
841 1990 996 2073 suspicari
1018 1993 1163 2074 placnit,

149 2108 347 2194 imeriptum
369 2129 436 2172 are
456 2107 553 2174 fuisse
572 2105 876 2196 orthographiam
888 2107 916 2183 ⁴,
939 2128 1166 2195 quorumsen·

149 2229 269 2294 oentiae
292 2240 381 2293 certa
397 2229 444 2296 dc.
458 2245 553 2292 causa
575 2227 726 2292 accedere
741 2247 809 2292 non
828 2247 971 2311 possum.
1015 2228 1166 2316 Namque

150 2349 231 2413 haec
246 2349 431 2411 tradentem
449 2345 628 2428 accipimus
639 2343 847 2410 artronum:
874 2345 1018 2425 «Unde,
1031 2369 1166 2434 quaeso,

149 2479 199 2532 stt
218 2463 310 2530 vobis
324 2459 526 2553 (gentilibus)
541 2473 672 2528 cunum
689 2462 863 2546 sapientiae
872 2465 1059 2532 traditum?
1080 2471 1167 2534 unde

148 2579 313 2648 acuminis
323 2593 356 2644 et
379 2578 557 2644 vivacitatis
570 2577 724 2644 tantum?
748 2583 857 2646 velex
878 2582 997 2666 quibus
1015 2585 1168 2652 scientiae

149 2699 327 2782 disciplinis
343 2711 474 2763 tantum
487 2697 590 2763 cordis
603 2719 784 2775 assumere,
807 2700 1013 2768 divinationis
1036 2719 1167 2770 mutum

152 2817 303 2901 potuistis
326 2815 487 2882 haurire?
513 2813 599 2900 Quia
621 2837 681 2898 per
698 2838 787 2882 cassu
799 2831 833 2882 et
844 2832 995 2904 tempora
1005 2823 1167 2888 declinare

152 2936 253 3003 verba
273 2935 359 3000 scitis
382 2947 415 2998 et
434 2932 593 2998 nomina?
626 2933 704 3018 quia
726 2955 819 2999 voces
846 2937 1001 3004 barbaras
1022 2943 1169 3008 soloecis-

153 3073 291 3139 mosque
312 3053 417 3119 vitare
428 3050 461 3138 i¹
480 3051 558 3136 quia
578 3073 794 3118 numerosum
811 3067 845 3120 et
860 3054 1059 3122 instructum
1078 3079 1167 3126 com-

151 3173 365 3256 positumque
388 3190 574 3235 sermonem
597 3182 655 3236 aut
676 3170 736 3254 ipsi
757 3192 813 3238 vos
834 3173 1088 3255 ammonens,
1112 3194 1169 3246 aut

153 3292 342 3376 incomptus
363 3309 442 3356 cum
465 3289 585 3367 luerit,
607 3289 715 3354 scire?
738 3290 817 3374 qnia
832 3291 860 3356 F
861 3291 1009 3360 ornicem
1027 3296 1169 3366 Lucilia-

153 3431 237 3474 num
257 3422 292 3472 et
306 3407 470 3494 Marsyam
491 3407 665 3492 Pomponii
682 3407 888 3494 obsignatum
915 3414 1170 3482 memoridoon-

149 3526 287 3592 tinetisi
305 3526 383 3611 quia
395 3571 405 3598 ,
419 3547 504 3610 quae
522 3527 587 3592 sint
612 3526 648 3592 in
666 3525 777 3592 litibus
799 3531 1064 3608 constitutiones,
1088 3551 1170 3621 quot

189 3858 203 3896 t
246 3843 906 3915 Terent·Senot-deorthogr.p.2255.
984 3873 986 3880 ι

189 3955 207 3990 2
242 3941 318 3991 lust.
336 3941 418 3989 Orat.
439 3939 450 3990 l
465 3972 474 4000 ,
493 3955 520 4008 7.

189 4033 210 4084 S
247 4033 373 4086 Velius
390 4037 532 4104 Longus
547 4035 580 4086 de
598 4035 722 4106 orthogr.
739 4053 769 4104 p.
786 4037 867 4092 2214.
885 4037 929 4092 Cl.
950 4057 1029 4110 πη.

190 4131 209 4186 d
244 4131 441 4184 heraclio
461 4131 874 4205 zeitsch.s.Atrerrh.1837,
894 4141 997 4193 u.128.
