2888 4972
743 341 807 400 252

261 521 311 574 tra
334 525 405 575 tum
419 512 553 596 quidem
574 514 650 576 alibi
677 513 923 596 quaesivissem,
938 513 971 574 iu
984 533 1055 574 eam
1068 514 1267 578 sententiam

260 629 355 692 facile
377 631 520 695 ducebar
541 643 578 694 ut
599 645 767 714 putarem,
787 652 825 694 aa
836 643 951 706 aetate,
965 651 1031 714 qua
1042 631 1154 712 scripti
1166 643 1272 694 essem

262 746 337 810 libri
356 751 396 812 ad
407 747 630 824 Herennium,
656 751 804 814 nondum
819 749 852 812 in
868 750 1065 835 triginta
1082 747 1185 812 libros
1196 746 1272 810 sati·

261 886 374 928 rarum
388 887 468 950 opus
478 867 688 930 Lucilianum
700 866 914 930 distributum
927 866 1034 941 fuisse,
1044 867 1099 930 sed
1111 863 1272 928 duabus

261 983 407 1066 partibas
421 984 615 1058 constitisse,
630 1005 772 1068 quarum
786 983 927 1068 singulas
939 995 1049 1064 pastea
1063 980 1274 1065 grammatici

260 1098 557 1185 inquissdecim
574 1099 672 1164 libros
708 1098 895 1163 divisissent.
928 1098 1163 1181 Reprobarunt
1189 1099 1275 1160 hanc

261 1218 483 1300 conjecturam
510 1216 658 1280 Lersch
682 1229 715 1280 et
735 1216 936 1293 Diintzer;
961 1218 1126 1279 altersuos
1139 1215 1274 1299 quibus-

261 1355 325 1417 que
358 1333 447 1397 libris
480 1333 590 1396 titulos
622 1333 716 1396 fuisse
749 1331 956 1408 existimans,
989 1354 1027 1396 ac
1060 1354 1183 1418 negans
1211 1331 1275 1396 sub

261 1473 313 1516 eos
334 1452 462 1526 titulos,
488 1472 568 1534 quos
591 1453 794 1525 laudassem,
819 1464 894 1532 apte
917 1451 1062 1515 revocari
1075 1471 1164 1533 posse
1175 1471 1276 1514 cunc-

264 1583 295 1634 ta
319 1583 533 1656 argumenta,
558 1591 642 1652 quae
665 1569 811 1634 Lucilius
835 1569 911 1632 datai
935 1569 1036 1651 opera
1048 1569 1235 1652 exposuerit
1248 1569 1276 1632 ¹.

263 1687 354 1752 Alter
380 1689 555 1772 inpriore
580 1685 671 1750 libro
691 1686 946 1768 interpretatur:
972 1686 1006 1749 in
1028 1687 1202 1769 principiox
1219 1709 1278 1750 sa·

265 1804 403 1868 tirarum
424 1785 543 1867 libri2:
569 1806 778 1887 quodquam
801 1825 918 1886 parum
938 1803 1133 1880 satisfaciat,
1157 1804 1277 1868 intelli-

263 1922 363 2010 gitur.
411 1921 542 1985 Etenim
565 1942 691 2004 quum,
718 1921 855 2006 triginta
872 1916 1046 1984 satirarum
1065 1921 1165 1986 libros
1177 1945 1196 1985 a
1210 1923 1279 1986 Lu·

265 2041 338 2105 cilio
361 2041 460 2104 editos
482 2061 571 2114 essa,
595 2039 706 2104 ceteris
732 2039 926 2114 consentiat,
951 2036 1121 2123 quaeritur
1144 2040 1279 2126 ecssjm

265 2156 340 2220 libri
362 2154 524 2239 principio
541 2159 676 2232 rhetor,
700 2157 755 2239 qui
770 2158 811 2218 ad
826 2155 1030 2220 Herennium
1043 2155 1191 2239 scripsit,
1206 2179 1279 2222 ser-

263 2297 359 2352 sum,
383 2297 483 2359 quem
508 2275 672 2348 laudavit,
699 2275 839 2357 petierit.
885 2271 951 2356 Qui
980 2274 1005 2338 si
1037 2273 1178 2338 universi
1201 2295 1281 2357 ope-

264 2393 309 2456 ris
334 2393 494 2456 rationem
528 2391 649 2454 habere
672 2392 841 2468 voluisset,
867 2394 1049 2477 inpriore
1072 2415 1187 2478 opere,
1213 2413 1280 2456 non

267 2513 306 2572 ia
324 2511 445 2595 priore
470 2507 562 2571 libra
578 2508 762 2589 scripsisset,
788 2507 935 2572 Prior-is
947 2523 1058 2572 autem
1072 2509 1148 2572 libri
1157 2517 1172 2586 ,'
1191 2513 1282 2594 quod

267 2648 322 2714 me
352 2637 424 2689 tum
455 2624 599 2700 latebat,
632 2626 757 2689 mentio
792 2647 924 2708 quoque
946 2627 1031 2690 iacta
1048 2627 1214 2690 invenitur
1240 2626 1282 2690 ab

266 2745 466 2828 interprete,
493 2744 550 2828 qui
574 2745 615 2806 ad
628 2741 752 2806 Horatii
767 2765 897 2808 versum
921 2744 1162 2808 Pantolabum
1186 2769 1284 2809 scur-

267 2886 347 2928 ram
371 2859 688 2946 Nomentanumque
713 2873 864 2947 nepotem
889 2876 999 2926 notat:
1025 2889 1042 2928 a
1056 2884 1117 2946 pro
1134 2865 1286 2928 homini-

267 2983 328 3046 bus
349 2977 482 3044 vilibus:
518 2976 654 3041 nomina
679 2992 755 3041 sunt
776 2979 1042 3057 luxuriosorum,
1075 2999 1157 3064 quos
1182 2979 1285 3045 etiam

267 3100 302 3161 in
329 3099 453 3184 priore
485 3097 569 3159 libro
594 3095 738 3159 Lucilius
760 3097 918 3180 carpsitss.
934 3118 950 3154 »
997 3098 1104 3160 Dousa
1128 3100 1284 3180 putavit,

269 3229 325 3280 aut
349 3215 440 3278 lihro
463 3213 606 3276 sacrando
629 3234 690 3296 pro
709 3215 832 3299 priore
853 3217 1099 3296 reponendum,
1123 3229 1182 3278 aut
1198 3230 1286 3280 certe

269 3334 325 3396 illa
344 3335 527 3416 fragmenta
540 3377 548 3408 ,
563 3331 681 3415 quibus
698 3329 895 3395 Nomentani
906 3333 945 3394 fit
955 3330 1093 3408 montio,
1104 3335 1146 3396 ad
1159 3334 1285 3397 librum

270 3451 415 3535 priorem
452 3451 673 3514 transferenda
707 3471 771 3514 esse
784 3449 809 3512 4.
858 3451 993 3514 Difficile
1022 3465 1089 3526 est,
1124 3454 1205 3517 certi
1228 3453 1286 3516 ali-

305 3777 318 3814 t
358 3721 516 3827 aerinas.
535 3756 663 3810 Artena.
684 3759 750 3829 1837
769 3777 797 3827 p.
819 3758 895 3829 10⁴7,
916 3759 982 3830 sss,
1001 3777 1027 3827 p.
1045 3759 1108 3817 sos.

306 3853 983 3922 affimmfflstwommfflnmm

306 3953 324 4006 5
359 3951 429 4020 Sap·
448 3970 475 4020 p.
496 3951 557 4016 166,
577 3969 639 4022 ²²9·

303 4051 745 4124 (Mhmfflstfflum
