2894 4986
634 399 676 460 23

159 573 196 640 in
216 575 287 663 lege
311 575 365 640 iila
384 577 525 652 terenda,
545 577 740 642 exolescente
752 587 842 641 metu
854 577 1051 662 antiquioris,
1065 597 1169 662 quae·

159 693 219 759 sits
239 691 303 770 sit,
328 705 406 758 teste
418 691 601 770 Macrobio,
624 713 725 760 norae
740 694 816 781 legis
828 693 1011 772 auctoritas,
1031 709 1068 760 ut
1079 695 1165 760 idem

161 813 238 889 fere,
250 813 340 896 quod
351 809 486 889 Fannia,
502 808 627 876 Licinia
638 812 798 878 sancitum
813 813 864 878 sit.
893 811 974 880 Mihi
986 814 1118 898 quidem
1129 825 1167 878 ut

160 927 241 1014 quid
263 923 411 994 rideatur
434 928 599 1012 aperiam,
629 933 735 1016 legem
754 931 911 997 Didiam
930 951 997 996 non
1017 931 1167 996 Licini-

161 1065 220 1110 am
246 1045 488 1133 intelligendam
513 1067 576 1112 esse
599 1049 661 1112 hoc
683 1062 876 1135 argumento
900 1069 1021 1114 censeo.
1045 1047 1165 1114 Scribit

161 1163 260 1228 etiam
299 1161 507 1241 Macrobius,
550 1163 692 1230 Liciniae
726 1167 874 1231 ferendae
909 1164 1161 1250 probandaeque

162 1293 291 1346 tuntum
314 1281 460 1346 studium
500 1280 542 1346 ab
566 1282 775 1364 optimatibus
799 1283 983 1367 impensum
1016 1305 1101 1359 csse,
1126 1296 1164 1348 ut

161 1395 249 1466 seso
263 1397 456 1484 juberetur,
480 1411 518 1464 ut
536 1421 574 1464 ea
596 1399 704 1484 prius,
727 1423 828 1486 quam
841 1402 1031 1466 trinundino
1042 1401 1165 1466 confir-

161 1530 332 1596 maretur,
360 1517 402 1584 ab
434 1517 585 1582 omnibus
611 1518 836 1584 observaretur
868 1531 1025 1604 tanquam
1050 1521 1161 1604 popuii

160 1634 319 1702 sententia
343 1635 490 1720 probata.
524 1633 594 1701 Hoc
611 1657 727 1720 anceps
744 1648 775 1701 et
790 1636 972 1701 inauditum
985 1637 1063 1724 legis
1086 1659 1164 1722 per-

162 1756 313 1822 ferendae
335 1751 505 1820 conailium
528 1775 721 1840 summaque
738 1753 898 1820 festinatio
916 1756 989 1821 satis
1000 1759 1164 1834 declarat,

162 1893 261 1960 grave
285 1871 407 1956 aliquid
430 1893 468 1936 ac
487 1870 633 1936 subitum
650 1872 814 1950 incidisse,
837 1875 928 1958 cujus
951 1895 991 1940 ne
1006 1873 1100 1940 latius
1118 1875 1165 1940 vis

121 2067 125 2075 Ι
162 2001 307 2075 serperet
335 2002 368 2055 et
402 1989 437 2054 in
462 1991 644 2054 tumultum
669 2005 877 2074 erumperet,
899 1993 1079 2056 cavendum
1101 1993 1163 2056 sibi

164 2108 336 2194 optimates
369 2121 402 2174 et
430 2121 556 2174 senatus
578 2121 743 2192 putarent.
790 2107 959 2174 Manifesta
980 2121 1090 2174 autem
1113 2131 1165 2175 res

164 2241 208 2294 est
240 2225 362 2294 Valerii
381 2228 492 2292 locum
511 2225 791 2293 attendentibus12
827 2223 910 2295 cM.
935 2224 1095 2294 Antonius
1129 2242 1162 2293 et

165 2345 203 2412 L.
233 2345 368 2412 Flaccus
401 2364 544 2412 censores
573 2343 785 2410 Duronium²
825 2355 938 2411 senatu
965 2358 1163 2423 moverunt,

165 2466 254 2552 quod
289 2464 400 2552 ‘legem
435 2465 476 2530 de
508 2463 691 2531 coercendis
740 2462 970 2531 conviviorum
1004 2463 1166 2530 sumtibus

164 2584 265 2650 latam
299 2581 451 2649 tribamue
486 2581 588 2668 plebis
626 2582 847 2670 abrogaverat·
901 2580 1038 2649 Mirifice
1067 2595 1165 2650 notae

165 2723 270 2770 cauea.
315 2699 425 2788 Quam
441 2701 530 2766 enim
554 2701 760 2784 impudenter
781 2701 944 2766 Duroniae
962 2715 1066 2768 rostra
1083 2723 1165 2768 con·

163 2823 311 2900 scendit,
335 2822 390 2888 ilia
401 2821 563 2888 dicturues
586 2819 694 2888 Frsm'
704 2832 787 2886 suat
801 2822 926 2908 injecti
936 2822 1051 2897 vobis,
1077 2821 1166 2909 Qui·

166 2947 265 3020 rs‘tss,
286 2941 386 3008 eollo
402 2939 498 3006 modo
505 2941 747 3030 perpetiendi.-
766 2942 921 3032 alligati
937 2953 968 3006 et
980 2943 1163 3016 constricti

167 3065 252 3129 setis
272 3083 393 3126 omaro
405 3059 542 3126 vinculo
560 3062 754 3126 servitutis.
799 3058 870 3125 len
887 3063 978 3124 enim
1002 3059 1078 3123 lato
1091 3071 1162 3136 est,

166 3203 254 3270 quoe
273 3201 332 3244 vos
352 3203 420 3246 sm
432 3177 546 3268 frugi
561 3177 687 3265 jubet.-
706 3177 909 3267 abrogemus
932 3178 1051 3265 igitur
1065 3176 1166 3242 istud

167 3297 331 3364 horridae
364 3298 550 3364 vetustatis
585 3296 749 3384 rubigine
776 3294 927 3359 obsitum
966 3295 1164 3380 imparium.

168 3415 313 3482 Etenim
349 3413 437 3505 quid
466 3437 550 3504 opus
581 3414 759 3486 libas-tots,
786 3415 821 3477 εἰ
847 3411 1040 3477 uolantibus
1078 3411 1164 3477 tm

164 3536 283 3621 μήτε
296 3555 365 3598 aaa
386 3531 550 3599 liest?»³
584 3529 653 3597 Hae
675 3530 775 3617 igitur
792 3528 942 3596 orationis
954 3528 1027 3594 siet
1039 3527 1165 3612 impetu

203 3870 214 3904 ι
252 3852 281 3906 11
372 3849 400 3904 ὅ.

204 3967 221 4004 a
254 3870 501 4002 D’uz'ionium
531 3953 558 3998 et
579 3945 626 3998 hic
654 3952 682 3997 et
708 3943 892 4014 passimapud
915 3945 970 3996 Io.
1000 3938 1166 3994 Solesbe·

174 4047 327 4102 rienssm
346 4045 531 4110 Polissrats'co,
550 4043 640 4106 Vibi,
658 4061 685 4126 9.

205 4143 222 4194 5
253 4143 298 4198 Ci'.
319 4143 356 4194 cs·
367 4160 391 4197 s.
410 4142 443 4194 de
462 4145 540 4194 ome.
562 4140 603 4204 ll,
621 4139 675 4204 63,
695 4139 755 4211 274.
