2888 4972
623 363 693 426 247,

143 553 328 625 prosecutor
359 541 473 612 luisse,
509 555 615 623 quum
639 541 836 604 uullaofficii
861 501 945 606 rdtio
964 543 1019 606 aed
1039 559 1152 606 rorum

142 662 366 724 humanarum
396 677 475 721 cura
498 676 550 720 eoe
567 654 659 740 aequi
677 658 838 740 jussisset,
863 670 918 735 ut,
936 658 1009 742 quic
1027 659 1165 744 jurgio·-

142 791 220 841 rum
244 775 404 850 ictorum,
428 774 463 836 in
481 793 565 858 qnae
586 785 768 857 pertractus
782 787 862 840 esset
880 771 1007 858 Scipio,
1021 789 1155 838 euentus

145 897 248 968 foret,
272 892 503 978 intelligerent.

187 1008 320 1076 Praeter
343 1007 440 1076 Arelli
462 1009 496 1073 in
508 1007 714 1095 Scipionem,
728 1013 817 1095 quod
828 1029 928 1094 eupra
946 1007 1153 1096 attigimuel,

146 1127 348 1204 corrricium,
359 1141 505 1211 eupereet
517 1127 572 1192 hic
583 1128 681 1211 ipsiue
692 1126 851 1211 Scipionis
860 1130 964 1211 jocus,
979 1149 1079 1212 quem
1090 1149 1156 1193 eer-

148 1245 234 1311 vavit
254 1243 379 1310 Cicero.
406 1242 623 1331 «Ambigua,
650 1245 779 1330 inquit,
799 1246 921 1310 suntin
933 1247 1048 1328 primis
1061 1254 1157 1310 acuta

148 1375 246 1448 atque
269 1363 302 1426 in
322 1363 424 1431 verbo
443 1363 565 1446 potita,
589 1384 656 1426 non
680 1363 781 1427 inre:
813 1365 868 1427 ced
880 1383 1051 1446 noneacpe
1064 1384 1157 1450 mag-

149 1500 229 1544 num
241 1480 345 1546 riuum
363 1494 517 1545 movent:
536 1479 640 1567 magis
652 1493 690 1545 ut
701 1481 786 1544 belle
799 1493 831 1543 et
844 1482 970 1546 literato
985 1482 1072 1546 dicta
1083 1484 1159 1546 lau-

149 1601 292 1675 dantur,
317 1611 355 1662 ut
375 1599 457 1662 illud
473 1597 643 1673 Africani,
677 1601 766 1682 qnod
789 1611 836 1662 ert
859 1599 947 1682 apud
970 1599 1156 1662 Lucilium:

193 1715 316 1803 Quid?
348 1715 478 1780 Decius
509 1713 716 1780 Nuculam!
746 1737 793 1780 cn
825 1715 997 1796 confixum
1019 1719 1075 1781 cie
1089 1716 1155 1803 sa-

796 1837 894 1898 cere?
919 1837 1039 1919 inquil
1054 1834 1082 1899 2.
1094 1855 1112 1894 u

149 1953 299 2018 Affirmat
324 1950 489 2018 Ciceronis
508 1949 691 2034 interpres,
716 1951 812 2016 luisse
836 1951 893 2036 qui
917 1951 1062 2015 Africani
1076 1951 1166 2016 illud*

148 2071 321 2136 dicterium
335 2075 376 2136 ad
387 2071 641 2136 obscoenitatem
654 2071 960 2155 turpitudinemque
972 2073 1151 2149 referrem

148 2192 237 2274 qrtod
258 2189 320 2253 eihi
344 2190 479 2274 quidem
503 2192 631 2272 placere
644 2203 753 2275 negat,
768 2189 846 2273 quia
859 2209 921 2254 nec
934 2189 1091 2254 obscoene
1104 2194 1168 2256 lo·-

149 2315 306 2390 queretnr
332 2304 464 2389 Scipio,
488 2327 550 2371 nec
571 2305 729 2372 obscoena
758 2307 844 2371 inter
867 2310 971 2372 faceta
987 2310 1160 2373 collocaret

149 2421 272 2488 Cicero.
320 2422 433 2488 Credit
468 2424 588 2510 igitur,
620 2423 740 2490 exortia
763 2425 939 2508 aliquando
968 2425 1044 2490 rixie
1067 2426 1153 2491 inter·

148 2541 284 2606 Decium
308 2555 342 2605 et
365 2544 532 2625 quendam
553 2543 747 2629 cognomine
760 2541 934 2618 Nuculam,
958 2543 1161 2607 illummul-

148 2657 185 2723 tie
207 2657 314 2720 verbio
332 2658 499 2722 atacerbie
510 2659 588 2723 hnic
601 2659 743 2722 illueieee.
766 2659 854 2722 Tum
868 2679 945 2724 vero
963 2655 1160 2724 Africanum

146 2773 278 2838 dixisse:
312 2774 446 2858 aquid?
470 2775 586 2840 Deciue
610 2773 774 2840 Nuculam
797 2775 966 2862 exagitat?
980 2796 997 2834 »
1024 2790 1057 2839 et
1079 2797 1157 2840 con·

147 2913 277 2958 cerrum
307 2895 348 2956 ad
373 2892 511 2956 Decium
536 2893 749 2978 interrogasse
772 2905 806 2960 et
829 2895 994 2958 terruisse:
1016 2915 1090 2970 «an
1107 2894 1154 2958 vie

146 3011 235 3074 hunc
259 3007 430 3074 hominem
450 3011 617 3075 confixum
642 3011 803 3076 faceret»
828 3009 883 3076 Sic
901 3033 998 3076 ueurn
1011 3031 1075 3074 eece
1088 3032 1160 3074 am-

147 3127 269 3213 bippro,
304 3128 380 3212 qnia
411 3129 579 3192 confixum
611 3129 749 3194 facimus
771 3127 795 3195 i.
816 3151 845 3193 e.
867 3127 1065 3214 configimus
1088 3151 1160 3192 eer-

145 3265 261 3320 mm,
278 3246 472 3330 configimur
498 3266 655 3309 mucrone
675 3259 733 3309 aut
757 3245 819 3310 alia
840 3266 876 3308 re
885 3244 913 3307 3.
948 3243 1047 3309 Varie
1070 3245 1159 3310 idem

145 3362 196 3425 alii
220 3362 427 3445 interpretati
446 3376 545 3438 sunt,
571 3363 627 3447 qui
654 3365 821 3428 confixum
845 3361 909 3426 cibi
929 3383 1031 3446 genus
1053 3383 1118 3426 ease
1139 3385 1157 3426 e

145 3478 276 3544 concisio
309 3480 458 3546 carnium
485 3481 630 3546 lruatulie
655 3493 826 3565 putarunt.
873 3479 936 3546 Sed
960 3483 1050 3544 nialla
1079 3478 1162 3544 ratio

144 3597 246 3682 magia
268 3600 374 3680 placet
397 3597 435 3662 ed
456 3620 557 3683 qnam
580 3599 794 3666 laudavimus.
841 3599 957 3664 Deciue
976 3612 1010 3662 et
1033 3596 1160 3661 Nucula

145 3716 202 3800 qui
226 3716 371 3790 luerint,
397 3717 561 3781 incertum
583 3729 641 3780 eat.

368 3839 427 3847 ..ω-.-

178 3897 198 3938 r
230 3899 260 3948 p·
287 3881 347 3936 223.

178 3993 196 4032 ²
237 3979 280 4028 Gi
291 3997 314 4030 c·
337 3980 369 4034 ‹le
389 3983 469 4032 Ora!-
491 3979 531 4040 ll,
553 3980 596 4042 62,
618 3977 678 4032 255.

178 4074 195 4124 δ
235 4075 460 4126 strelam
485 4076 521 4126 cd
545 4075 602 4128 l.I.
621 4093 648 4142 p.
667 4074 726 4126 541,
