2894 4986
730 434 770 498 12

249 625 282 679 ts
313 625 428 689 nattis,
450 609 559 677 astatis
581 629 669 675 anno
690 611 927 678 sextodecimo
949 609 1251 700 Carthaginis‘mu-

249 751 303 797 ros
325 730 486 799 vercanni
499 729 564 794 608
579 725 671 819 (146)
681 729 855 794 adsccndit.
878 727 945 794 Nec
968 730 1248 817 facilequisquam

246 849 401 938 negabit,
436 869 514 914 aum
542 847 644 914 rideri
667 868 756 932 posse
780 868 847 913 non
870 849 932 914 hoo
951 848 1020 933 ipso
1039 867 1147 925 anno,
1181 868 1251 934 quo

245 969 349 1034 excim
383 966 547 1054 Carthago
577 978 642 1044 ast,
660 967 716 1032 scd
742 967 812 1051 jam
840 979 915 1032 anta
938 966 970 1031 id
990 979 1121 1051 tompus
1145 979 1250 1032 castra

243 1084 400 1170 Scipionis
420 1097 578 1150 sectatum
599 1105 676 1152 stoc.
715 1080 1004 1168 Quemadmodum
1026 1097 1137 1150 autem
1158 1085 1249 1150 idem

242 1202 352 1288 Scipio
383 1202 582 1270 Aemilianus
619 1200 790 1268 Africanus
828 1203 938 1269 minor
971 1203 1023 1270 Ti.
1058 1202 1248 1269 Gracchum

241 1323 517 1388 adolescentulum
555 1341 666 1386 secum
701 1317 839 1398 habuit,
875 1341 980 1405 quum
1013 1319 1246 1406 Carthaginem

240 1452 422 1516 everteret,
442 1437 489 1504 ita
508 1437 588 1503 nihil
612 1437 738 1515 obstat,
762 1438 936 1524 quominus
954 1452 1046 1522 post,
1070 1437 1247 1504 Numanti·

240 1580 295 1625 am
327 1557 491 1624 obsidione
514 1577 682 1642 premens,
709 1557 744 1621 in
768 1557 910 1624 exercitu
926 1556 1059 1622 haberet
1080 1555 1118 1624 C.
1142 1555 1247 1624 Luci·

238 1676 322 1740 lium
346 1675 533 1762 quindecim
556 1695 656 1741 annos
678 1687 806 1743 natum.
849 1673 962 1761 Neque
984 1687 1114 1740 tantum
1134 1674 1169 1740 id
1186 1695 1248 1742 vs·

238 1792 371 1858 risimila
400 1794 441 1860 fit
474 1791 614 1860 Gracchi
648 1794 819 1877 exemplo,
844 1795 899 1857 sod
923 1793 1130 1878 comprobari
1154 1793 1244 1858 idem

237 1908 381 1996 Appiani
410 1912 482 1976 loco
505 1909 519 1959 ¹
548 1909 676 1995 primus
698 1922 785 1974 recta
819 1909 949 1974 monuit
970 1911 1104 1998 vargas.
1151 1907 1245 1976 Scri-

236 2027 316 2094 bens
350 2026 439 2093 enim
477 2024 720 2092 Numantinum
750 2026 876 2092 beilum
911 2028 1078 2096 historicus
1107 2042 1221 2094 narrat
1234 2073 1258 2112 ,,

235 2145 404 2212 abduxisse
423 2165 535 2212 secum
555 2143 664 2210 Romu
690 2144 726 2208 in
745 2144 931 2230 Hispaniam
944 2144 1128 2233 Scipionem
1145 2147 1245 2232 quin·

234 2276 348 2352 gentos
378 2263 514 2341 amicos,
546 2284 642 2348 quos,
670 2263 705 2326 in
727 2263 895 2347 propriam
918 2268 1087 2332 cohortem
1109 2267 1242 2344 divisos,

236 2381 338 2468 φίλων
348 2379 421 2468 ’lips
444 2380 664 2466 appellaverit;
689 2401 790 2468 quam
803 2383 961 2448 delectam
973 2384 1240 2450 voluntariorum

234 2519 374 2566 manum
416 2517 493 2564 oum
527 2498 657 2584 reliquis
690 2498 877 2565 cohortibus
909 2500 1001 2567 fratri
1031 2501 1243 2568 committens

234 2618 301 2706 ilua
336 2639 414 2684 oum
444 2616 554 2701 paucis
576 2637 761 2704 progressus
783 2630 842 2685 est.
888 2618 928 2682 in
950 2619 1067 2704 quibus
1089 2619 1154 2685 fuit
1175 2619 1242 2684 Ju-

232 2737 373 2824 gurtha‚
391 2756 458 2822 per
476 2757 574 2822 quam
590 2737 784 2822 imperator
804 2757 917 2800 omnes
928 2735 1009 2825 sero
1025 2760 1079 2802 rer
1095 2759 1242 2826 asperae

232 2876 335 2943 agera
351 2874 491 2940 euntque
514 2854 554 2917 in
581 2855 707 2919 amicis
735 2853 875 2931 tahan,
904 2867 937 2920 ot
959 2858 1078 2944 magis
1099 2859 1240 2946 arogis·

231 2995 295 3061 qus
312 2975 353 3039 in
370 2971 445 3038 diss
467 2971 633 3058 amplacti
655 2973 783 3058 coepit,
816 2973 872 3037 ito
890 2983 933 3036 ut
955 2971 1046 3038 idam
1065 2973 1137 3038 eibi
1158 2977 1241 3040 vis·-

231 3103 306 3155 tnts
333 3113 398 3156 suo
427 3089 559 3156 multoe
581 3111 622 3154 aa
660 3085 832 3153 Romanis
849 3088 1045 3178 familiari
1070 3095 1240 3159 amicitia

230 3208 454 3298 conjungeret
477 3207 505 3275 ².
541 3205 651 3273 Fuisse
683 3205 718 3270 in
741 3207 853 3272 iisdem
885 3208 994 3273 castris
1029 3207 1068 3274 C.
1096 3208 1239 3290 Marius,

229 3326 270 3394 C.
292 3324 503 3411 Sempronius
534 3325 667 3402 Asellio,
701 3323 737 3391 P.
771 3325 912 3392 Rutilius
946 3326 1052 3393 Rufus
1084 3327 1240 3396 tribunus

230 3445 377 3512 militum
412 3443 587 3520 dicuntur,
633 3463 777 3529 quorum
812 3457 993 3528 postremus
1034 3467 1127 3512 carus
1173 3448 1240 3514 suit

230 3583 333 3650 quam
355 3561 500 3628 maxima
521 3558 685 3645 Scipioni,
708 3575 741 3627 st
763 3583 841 3628 cum
863 3561 1022 3630 Asellione
1034 3566 1240 3634 totumillud

227 3679 470 3749 Numantinum
490 3677 614 3744 beilum
636 3679 823 3764 conscripsit
844 3679 872 3745 ³.

261 3949 274 3988 t
311 3930 451 3993 Ibem&

261 4049 279 4086 2
315 4028 417 4082 Sall.
433 4031 469 4082 B.
486 4030 553 4100 lug.
569 4047 596 4099 7·
637 4031 960 4096 Ve11.Pas.1t‚n.

260 4123 279 4178 5
316 4123 686 4195 Cic.d0Rsp.l,9‚u.
728 4127 824 4180 Vult.
844 4129 1042 4201 Panthp.
1068 4131 1162 4202 App.
1182 4131 1240 4188 hi·

224 4218 591 4286 tucattuattflt.
