<?xml version="1.0" encoding="UTF-8"?>
<!DOCTYPE html PUBLIC "-//W3C//DTD XHTML 1.0 Transitional//EN"
    "http://www.w3.org/TR/xhtml1/DTD/xhtml1-transitional.dtd">
<html xmlns="http://www.w3.org/1999/xhtml" xml:lang="en" lang="en">
 <head>
  <title>
</title>
<meta http-equiv="Content-Type" content="text/html;charset=utf-8" />
  <meta name='ocr-system' content='tesseract 3.04.00' />
  <meta name='ocr-capabilities' content='ocr_page ocr_carea ocr_par ocr_line ocrx_word'/>
</head>
<body>
  <div class='ocr_page' id='page_1' title='image "./studiacriticain01heusgoog_0034.png"; bbox 0 0 2894 4986; ppageno 0'>
   <div class='ocr_carea' id='block_1_1' title="bbox 621 365 663 429">
    <p class='ocr_par' dir='ltr' id='par_1_1' title="bbox 621 365 663 429">
     <span class='ocr_line' id='line_1_1' title="bbox 621 365 663 429; baseline 0.048 -2"><span class='ocrx_word' id='word_1_1' title='bbox 621 365 663 429; x_wconf 75' lang='lat'><strong>2⁵</strong></span> 
     </span>
    </p>
   </div>
   <div class='ocr_carea' id='block_1_2' title="bbox 139 543 1148 2884">
    <p class='ocr_par' dir='ltr' id='par_1_2' title="bbox 139 543 1148 2884">
     <span class='ocr_line' id='line_1_2' title="bbox 140 543 1136 637; baseline 0.013 -29"><span class='ocrx_word' id='word_1_2' title='bbox 140 543 268 610; x_wconf 78' lang='lat' dir='ltr'><strong>Didiam</strong></span> <span class='ocrx_word' id='word_1_3' title='bbox 299 562 575 619; x_wconf 75' lang='lat' dir='ltr'>annumeremus,</span> <span class='ocrx_word' id='word_1_4' title='bbox 606 565 683 609; x_wconf 92' lang='lat' dir='ltr'><strong>cum</strong></span> <span class='ocrx_word' id='word_1_5' title='bbox 717 547 824 628; x_wconf 81' lang='lat' dir='ltr'><strong>ploret</strong></span> <span class='ocrx_word' id='word_1_6' title='bbox 860 550 982 616; x_wconf 83' lang='lat' dir='ltr'><strong>suerint</strong></span> <span class='ocrx_word' id='word_1_7' title='bbox 1008 567 1136 637; x_wconf 87' lang='lat' dir='ltr'><strong>praeter</strong></span> 
     </span>
     <span class='ocr_line' id='line_1_3' title="bbox 139 661 1136 758; baseline 0.008 -30"><span class='ocrx_word' id='word_1_8' title='bbox 139 685 207 740; x_wconf 84' lang='lat' dir='ltr'><strong>eae,</strong></span> <span class='ocrx_word' id='word_1_9' title='bbox 240 683 321 748; x_wconf 85' lang='lat' dir='ltr'><strong>quae</strong></span> <span class='ocrx_word' id='word_1_10' title='bbox 346 661 401 726; x_wconf 84' lang='lat' dir='ltr'><strong>bic</strong></span> <span class='ocrx_word' id='word_1_11' title='bbox 433 662 697 728; x_wconf 76' lang='lat' dir='ltr'><strong>memoravimus.</strong></span> <span class='ocrx_word' id='word_1_12' title='bbox 742 663 851 749; x_wconf 87' lang='lat' dir='ltr'><strong>Quam</strong></span> <span class='ocrx_word' id='word_1_13' title='bbox 873 667 916 731; x_wconf 93' lang='lat' dir='ltr'><strong>ob</strong></span> <span class='ocrx_word' id='word_1_14' title='bbox 944 689 1015 734; x_wconf 91' lang='lat' dir='ltr'><strong>rem</strong></span> <span class='ocrx_word' id='word_1_15' title='bbox 1046 673 1136 758; x_wconf 72' lang='lat' dir='ltr'><strong>gravi</strong></span> 
     </span>
     <span class='ocr_line' id='line_1_4' title="bbox 139 780 1138 868; baseline 0.009 -22"><span class='ocrx_word' id='word_1_16' title='bbox 139 794 338 868; x_wconf 78' lang='lat' dir='ltr'><strong>argumento</strong></span> <span class='ocrx_word' id='word_1_17' title='bbox 371 780 528 858; x_wconf 87' lang='lat' dir='ltr'><strong>efficitur,</strong></span> <span class='ocrx_word' id='word_1_18' title='bbox 556 782 647 845; x_wconf 90' lang='lat' dir='ltr'><strong>nullo</strong></span> <span class='ocrx_word' id='word_1_19' title='bbox 676 783 775 846; x_wconf 88' lang='lat' dir='ltr'><strong>modo</strong></span> <span class='ocrx_word' id='word_1_20' title='bbox 810 785 974 852; x_wconf 87' lang='lat' dir='ltr'><strong>laudatam</strong></span> <span class='ocrx_word' id='word_1_21' title='bbox 1008 787 1138 854; x_wconf 88' lang='lat' dir='ltr'><strong>Valerio</strong></span> 
     </span>
     <span class='ocr_line' id='line_1_5' title="bbox 141 899 1138 993; baseline 0.006 -27"><span class='ocrx_word' id='word_1_22' title='bbox 141 903 247 988; x_wconf 73' lang='lat' dir='ltr'><strong>legem</strong></span> <span class='ocrx_word' id='word_1_23' title='bbox 280 899 439 964; x_wconf 84' lang='lat' dir='ltr'><strong>Liciniam</strong></span> <span class='ocrx_word' id='word_1_24' title='bbox 464 899 576 964; x_wconf 87' lang='lat' dir='ltr'><strong>haberi</strong></span> <span class='ocrx_word' id='word_1_25' title='bbox 609 920 710 984; x_wconf 78' lang='lat' dir='ltr'><strong>poree.</strong></span> <span class='ocrx_word' id='word_1_26' title='bbox 755 899 818 967; x_wconf 87' lang='lat' dir='ltr'><strong>Sed</strong></span> <span class='ocrx_word' id='word_1_27' title='bbox 839 923 881 968; x_wconf 91' lang='lat' dir='ltr'><strong>ne</strong></span> <span class='ocrx_word' id='word_1_28' title='bbox 905 908 956 969; x_wconf 89' lang='lat' dir='ltr'><strong>vel</strong></span> <span class='ocrx_word' id='word_1_29' title='bbox 985 905 1030 970; x_wconf 79' lang='lat' dir='ltr'><strong>tic</strong></span> <span class='ocrx_word' id='word_1_30' title='bbox 1061 909 1138 993; x_wconf 91' lang='lat' dir='ltr'><strong>qui-</strong></span> 
     </span>
     <span class='ocr_line' id='line_1_6' title="bbox 140 1016 1138 1105; baseline 0.006 -21"><span class='ocrx_word' id='word_1_31' title='bbox 140 1021 216 1084; x_wconf 89' lang='lat' dir='ltr'><strong>dem</strong></span> <span class='ocrx_word' id='word_1_32' title='bbox 248 1017 353 1084; x_wconf 85' lang='lat' dir='ltr'><strong>omnia</strong></span> <span class='ocrx_word' id='word_1_33' title='bbox 386 1016 553 1082; x_wconf 78' lang='lat' dir='ltr'><strong>difficulter</strong></span> <span class='ocrx_word' id='word_1_34' title='bbox 585 1017 711 1084; x_wconf 80' lang='lat' dir='ltr'><strong>sublata</strong></span> <span class='ocrx_word' id='word_1_35' title='bbox 746 1033 802 1086; x_wconf 87' lang='lat' dir='ltr'><strong>eet.</strong></span> <span class='ocrx_word' id='word_1_36' title='bbox 856 1019 1004 1088; x_wconf 89' lang='lat' dir='ltr'><strong>Primum</strong></span> <span class='ocrx_word' id='word_1_37' title='bbox 1028 1026 1138 1105; x_wconf 89' lang='lat' dir='ltr'><strong>enim,</strong></span> 
     </span>
     <span class='ocr_line' id='line_1_7' title="bbox 142 1137 1139 1224; baseline 0.007 -22"><span class='ocrx_word' id='word_1_38' title='bbox 142 1138 221 1224; x_wconf 89' lang='lat' dir='ltr'><strong>quid</strong></span> <span class='ocrx_word' id='word_1_39' title='bbox 268 1137 448 1224; x_wconf 74' lang='lat' dir='ltr'><strong>significare</strong></span> <span class='ocrx_word' id='word_1_40' title='bbox 487 1137 654 1214; x_wconf 79' lang='lat' dir='ltr'><strong>dicemur,</strong></span> <span class='ocrx_word' id='word_1_41' title='bbox 685 1159 769 1224; x_wconf 89' lang='lat' dir='ltr'><strong>quae</strong></span> <span class='ocrx_word' id='word_1_42' title='bbox 812 1137 994 1208; x_wconf 77' lang='lat' dir='ltr'><strong>Macrobius</strong></span> <span class='ocrx_word' id='word_1_43' title='bbox 1027 1145 1139 1210; x_wconf 82' lang='lat' dir='ltr'><strong>scribit</strong></span> 
     </span>
     <span class='ocr_line' id='line_1_8' title="bbox 141 1254 1140 1351; baseline 0.007 -31"><span class='ocrx_word' id='word_1_44' title='bbox 141 1277 292 1344; x_wconf 82' lang='lat' dir='ltr'><strong>quaeque</strong></span> <span class='ocrx_word' id='word_1_45' title='bbox 310 1254 456 1342; x_wconf 70' lang='lat' dir='ltr'><strong>Vergem</strong></span> <span class='ocrx_word' id='word_1_46' title='bbox 478 1276 545 1321; x_wconf 94' lang='lat' dir='ltr'><strong>non</strong></span> <span class='ocrx_word' id='word_1_47' title='bbox 567 1258 732 1344; x_wconf 78' lang='lat' dir='ltr'>sugerunt.</span> <span class='ocrx_word' id='word_1_48' title='bbox 759 1258 824 1325; x_wconf 89' lang='lat' dir='ltr'><strong>«Iu</strong></span> <span class='ocrx_word' id='word_1_49' title='bbox 848 1281 886 1325; x_wconf 87' lang='lat' dir='ltr'><strong>ea</strong></span> <span class='ocrx_word' id='word_1_50' title='bbox 909 1261 1062 1351; x_wconf 85' lang='lat' dir='ltr'><strong>(Licinia)</strong></span> <span class='ocrx_word' id='word_1_51' title='bbox 1088 1265 1140 1327; x_wconf 81' lang='lat' dir='ltr'><strong>se·</strong></span> 
     </span>
     <span class='ocr_line' id='line_1_9' title="bbox 141 1375 1138 1462; baseline 0.004 -20"><span class='ocrx_word' id='word_1_52' title='bbox 141 1377 244 1442; x_wconf 89' lang='lat' dir='ltr'><strong>reuda</strong></span> <span class='ocrx_word' id='word_1_53' title='bbox 278 1375 421 1459; x_wconf 82' lang='lat' dir='ltr'><strong>quaerite</strong></span> <span class='ocrx_word' id='word_1_54' title='bbox 460 1395 562 1439; x_wconf 88' lang='lat' dir='ltr'><strong>novae</strong></span> <span class='ocrx_word' id='word_1_55' title='bbox 601 1375 679 1462; x_wconf 71' lang='lat' dir='ltr'><strong>legia</strong></span> <span class='ocrx_word' id='word_1_56' title='bbox 714 1377 911 1456; x_wconf 72' lang='lat' dir='ltr'><strong>auctoritare,</strong></span> <span class='ocrx_word' id='word_1_57' title='bbox 941 1381 1138 1446; x_wconf 74' lang='lat' dir='ltr'>exolescente</span> 
     </span>
     <span class='ocr_line' id='line_1_10' title="bbox 141 1491 1141 1581; baseline 0.006 -23"><span class='ocrx_word' id='word_1_58' title='bbox 141 1507 234 1558; x_wconf 88' lang='lat' dir='ltr'><strong>metu</strong></span> <span class='ocrx_word' id='word_1_59' title='bbox 260 1493 338 1580; x_wconf 74' lang='lat' dir='ltr'><strong>legia</strong></span> <span class='ocrx_word' id='word_1_60' title='bbox 362 1492 574 1578; x_wconf 74' lang='lat' dir='ltr'><strong>antiquioris,</strong></span> <span class='ocrx_word' id='word_1_61' title='bbox 592 1492 649 1569; x_wconf 87' lang='lat' dir='ltr'><strong>ita,</strong></span> <span class='ocrx_word' id='word_1_62' title='bbox 673 1491 837 1573; x_wconf 79' lang='lat' dir='ltr'><strong>Herculea,</strong></span> <span class='ocrx_word' id='word_1_63' title='bbox 863 1509 900 1560; x_wconf 94' lang='lat' dir='ltr'><strong>ut</strong></span> <span class='ocrx_word' id='word_1_64' title='bbox 911 1499 950 1560; x_wconf 87' lang='lat' dir='ltr'><strong>de</strong></span> <span class='ocrx_word' id='word_1_65' title='bbox 966 1497 1042 1581; x_wconf 83' lang='lat' dir='ltr'><strong>ipeie</strong></span> <span class='ocrx_word' id='word_1_66' title='bbox 1053 1501 1141 1564; x_wconf 91' lang='lat' dir='ltr'><strong>duo-</strong></span> 
     </span>
     <span class='ocr_line' id='line_1_11' title="bbox 142 1611 1141 1696; baseline 0.005 -20"><span class='ocrx_word' id='word_1_67' title='bbox 142 1613 248 1678; x_wconf 83' lang='lat' dir='ltr'><strong>decim</strong></span> <span class='ocrx_word' id='word_1_68' title='bbox 279 1611 396 1677; x_wconf 79' lang='lat' dir='ltr'><strong>tabuiis</strong></span> <span class='ocrx_word' id='word_1_69' title='bbox 419 1613 544 1676; x_wconf 84' lang='lat' dir='ltr'><strong>iactum</strong></span> <span class='ocrx_word' id='word_1_70' title='bbox 565 1623 633 1687; x_wconf 82' lang='lat' dir='ltr'><strong>eet,</strong></span> <span class='ocrx_word' id='word_1_71' title='bbox 650 1633 793 1696; x_wconf 88' lang='lat' dir='ltr'><strong>quarum</strong></span> <span class='ocrx_word' id='word_1_72' title='bbox 804 1612 861 1677; x_wconf 91' lang='lat' dir='ltr'><strong>ubi</strong></span> <span class='ocrx_word' id='word_1_73' title='bbox 877 1615 1040 1679; x_wconf 79' lang='lat' dir='ltr'><strong>contemni</strong></span> <span class='ocrx_word' id='word_1_74' title='bbox 1052 1617 1141 1681; x_wconf 85' lang='lat' dir='ltr'><strong>enti·</strong></span> 
     </span>
     <span class='ocr_line' id='line_1_12' title="bbox 144 1729 1142 1818; baseline 0.002 -21"><span class='ocrx_word' id='word_1_75' title='bbox 144 1731 250 1818; x_wconf 75' lang='lat' dir='ltr'><strong>quitur</strong></span> <span class='ocrx_word' id='word_1_76' title='bbox 268 1731 395 1814; x_wconf 88' lang='lat' dir='ltr'><strong>coepit,</strong></span> <span class='ocrx_word' id='word_1_77' title='bbox 418 1732 531 1797; x_wconf 87' lang='lat' dir='ltr'><strong>eadem</strong></span> <span class='ocrx_word' id='word_1_78' title='bbox 555 1729 631 1806; x_wconf 86' lang='lat' dir='ltr'><strong>illa,</strong></span> <span class='ocrx_word' id='word_1_79' title='bbox 652 1750 735 1813; x_wconf 85' lang='lat' dir='ltr'><strong>quae</strong></span> <span class='ocrx_word' id='word_1_80' title='bbox 761 1729 822 1794; x_wconf 84' lang='lat' dir='ltr'><strong>illie</strong></span> <span class='ocrx_word' id='word_1_81' title='bbox 844 1730 967 1817; x_wconf 68' lang='lat' dir='ltr'><strong>legibue</strong></span> <span class='ocrx_word' id='word_1_82' title='bbox 984 1733 1142 1800; x_wconf 85' lang='lat' dir='ltr'><strong>caveban-</strong></span> 
     </span>
     <span class='ocr_line' id='line_1_13' title="bbox 143 1845 1143 1928; baseline 0.004 -13"><span class='ocrx_word' id='word_1_83' title='bbox 143 1863 213 1928; x_wconf 85' lang='lat' dir='ltr'><strong>tur‚</strong></span> <span class='ocrx_word' id='word_1_84' title='bbox 246 1847 282 1914; x_wconf 92' lang='lat' dir='ltr'><strong>in</strong></span> <span class='ocrx_word' id='word_1_85' title='bbox 314 1848 377 1913; x_wconf 86' lang='lat' dir='ltr'><strong>alia</strong></span> <span class='ocrx_word' id='word_1_86' title='bbox 406 1850 548 1912; x_wconf 86' lang='lat' dir='ltr'><strong>latorum</strong></span> <span class='ocrx_word' id='word_1_87' title='bbox 583 1845 717 1912; x_wconf 91' lang='lat' dir='ltr'><strong>nomina</strong></span> <span class='ocrx_word' id='word_1_88' title='bbox 741 1848 977 1916; x_wconf 74' lang='lat' dir='ltr'><strong>transierunt1.</strong></span> <span class='ocrx_word' id='word_1_89' title='bbox 991 1871 1008 1913; x_wconf 81' lang='lat' dir='ltr'><strong>r&gt;</strong></span> <span class='ocrx_word' id='word_1_90' title='bbox 1055 1851 1143 1919; x_wconf 85' lang='lat' dir='ltr'><strong>Haec</strong></span> 
     </span>
     <span class='ocr_line' id='line_1_14' title="bbox 144 1965 1143 2052; baseline 0.004 -19"><span class='ocrx_word' id='word_1_91' title='bbox 144 1969 213 2047; x_wconf 85' lang='lat' dir='ltr'><strong>ille;</strong></span> <span class='ocrx_word' id='word_1_92' title='bbox 234 1968 271 2032; x_wconf 89' lang='lat' dir='ltr'><strong>in</strong></span> <span class='ocrx_word' id='word_1_93' title='bbox 294 1967 412 2052; x_wconf 79' lang='lat' dir='ltr'><strong>quibua</strong></span> <span class='ocrx_word' id='word_1_94' title='bbox 436 1966 541 2031; x_wconf 86' lang='lat' dir='ltr'><strong>verbie</strong></span> <span class='ocrx_word' id='word_1_95' title='bbox 562 1965 689 2032; x_wconf 81' lang='lat' dir='ltr'><strong>obstare</strong></span> <span class='ocrx_word' id='word_1_96' title='bbox 712 1967 886 2032; x_wconf 78' lang='lat' dir='ltr'><strong>sententiae</strong></span> <span class='ocrx_word' id='word_1_97' title='bbox 905 1981 1031 2034; x_wconf 86' lang='lat' dir='ltr'><strong>noetrae</strong></span> <span class='ocrx_word' id='word_1_98' title='bbox 1051 1971 1143 2036; x_wconf 83' lang='lat' dir='ltr'><strong>ride·</strong></span> 
     </span>
     <span class='ocr_line' id='line_1_15' title="bbox 145 2085 1144 2177; baseline 0.001 -24"><span class='ocrx_word' id='word_1_99' title='bbox 145 2101 239 2164; x_wconf 84' lang='lat' dir='ltr'><strong>etur,</strong></span> <span class='ocrx_word' id='word_1_100' title='bbox 272 2088 361 2172; x_wconf 84' lang='lat' dir='ltr'><strong>quod</strong></span> <span class='ocrx_word' id='word_1_101' title='bbox 383 2085 501 2151; x_wconf 88' lang='lat' dir='ltr'><strong>dicitur</strong></span> <span class='ocrx_word' id='word_1_102' title='bbox 527 2086 728 2149; x_wconf 65' lang='lat' dir='ltr'><strong>exolescente</strong></span> <span class='ocrx_word' id='word_1_103' title='bbox 746 2097 838 2149; x_wconf 82' lang='lat' dir='ltr'><strong>metu</strong></span> <span class='ocrx_word' id='word_1_104' title='bbox 853 2085 943 2173; x_wconf 70' lang='lat' dir='ltr'><strong>legii</strong></span> <span class='ocrx_word' id='word_1_105' title='bbox 962 2090 1144 2177; x_wconf 76' lang='lat' dir='ltr'><strong>certiquio·</strong></span> 
     </span>
     <span class='ocr_line' id='line_1_16' title="bbox 145 2201 1143 2290; baseline 0.001 -20"><span class='ocrx_word' id='word_1_106' title='bbox 145 2208 223 2271; x_wconf 76' lang='lat' dir='ltr'><strong>rie.-</strong></span> <span class='ocrx_word' id='word_1_107' title='bbox 247 2225 326 2270; x_wconf 89' lang='lat' dir='ltr'><strong>nam</strong></span> <span class='ocrx_word' id='word_1_108' title='bbox 351 2204 376 2268; x_wconf 86' lang='lat' dir='ltr'><strong>ei</strong></span> <span class='ocrx_word' id='word_1_109' title='bbox 395 2203 489 2269; x_wconf 88' lang='lat' dir='ltr'><strong>Didia</strong></span> <span class='ocrx_word' id='word_1_110' title='bbox 513 2201 668 2290; x_wconf 72' lang='lat' dir='ltr'><strong>abrogata</strong></span> <span class='ocrx_word' id='word_1_111' title='bbox 683 2213 779 2278; x_wconf 82' lang='lat' dir='ltr'><strong>esset,</strong></span> <span class='ocrx_word' id='word_1_112' title='bbox 808 2201 870 2266; x_wconf 91' lang='lat' dir='ltr'><strong>dici</strong></span> <span class='ocrx_word' id='word_1_113' title='bbox 893 2201 1038 2268; x_wconf 73' lang='lat' dir='ltr'><strong>debuisse</strong></span> <span class='ocrx_word' id='word_1_114' title='bbox 1060 2206 1143 2270; x_wconf 76' lang='lat' dir='ltr'><strong>eub-</strong></span> 
     </span>
     <span class='ocr_line' id='line_1_17' title="bbox 148 2319 1144 2410; baseline 0.001 -22"><span class='ocrx_word' id='word_1_115' title='bbox 148 2324 219 2388; x_wconf 80' lang='lat' dir='ltr'><strong>ioto</strong></span> <span class='ocrx_word' id='word_1_116' title='bbox 241 2333 346 2387; x_wconf 80' lang='lat' dir='ltr'><strong>metu.</strong></span> <span class='ocrx_word' id='word_1_117' title='bbox 377 2319 479 2386; x_wconf 87' lang='lat' dir='ltr'><strong>Video</strong></span> <span class='ocrx_word' id='word_1_118' title='bbox 500 2319 580 2405; x_wconf 86' lang='lat' dir='ltr'><strong>quid</strong></span> <span class='ocrx_word' id='word_1_119' title='bbox 601 2321 764 2395; x_wconf 82' lang='lat' dir='ltr'><strong>offendat,</strong></span> <span class='ocrx_word' id='word_1_120' title='bbox 788 2332 970 2385; x_wconf 87' lang='lat' dir='ltr'><strong>nectamen</strong></span> <span class='ocrx_word' id='word_1_121' title='bbox 989 2335 1058 2400; x_wconf 86' lang='lat' dir='ltr'><strong>eet,</strong></span> <span class='ocrx_word' id='word_1_122' title='bbox 1077 2345 1144 2410; x_wconf 89' lang='lat' dir='ltr'><strong>quo</strong></span> 
     </span>
     <span class='ocr_line' id='line_1_18' title="bbox 146 2437 1144 2527; baseline 0 -20"><span class='ocrx_word' id='word_1_123' title='bbox 146 2440 386 2526; x_wconf 88' lang='lat' dir='ltr'><strong>impediamur,</strong></span> <span class='ocrx_word' id='word_1_124' title='bbox 400 2440 498 2504; x_wconf 88' lang='lat' dir='ltr'><strong>modo</strong></span> <span class='ocrx_word' id='word_1_125' title='bbox 516 2439 692 2522; x_wconf 82' lang='lat' dir='ltr'><strong>prudenter</strong></span> <span class='ocrx_word' id='word_1_126' title='bbox 703 2437 967 2520; x_wconf 82' lang='lat' dir='ltr'><strong>interpretemur.</strong></span> <span class='ocrx_word' id='word_1_127' title='bbox 991 2439 1144 2527; x_wconf 73' lang='lat' dir='ltr'><strong>Legimus</strong></span> 
     </span>
     <span class='ocr_line' id='line_1_19' title="bbox 146 2556 1145 2646; baseline -0.001 -21"><span class='ocrx_word' id='word_1_128' title='bbox 146 2574 216 2646; x_wconf 81' lang='lat' dir='ltr'><strong>port</strong></span> <span class='ocrx_word' id='word_1_129' title='bbox 238 2556 395 2625; x_wconf 87' lang='lat' dir='ltr'><strong>Orchiam</strong></span> <span class='ocrx_word' id='word_1_130' title='bbox 416 2560 538 2634; x_wconf 84' lang='lat' dir='ltr'><strong>latam,</strong></span> <span class='ocrx_word' id='word_1_131' title='bbox 562 2577 667 2641; x_wconf 89' lang='lat' dir='ltr'><strong>quum</strong></span> <span class='ocrx_word' id='word_1_132' title='bbox 691 2556 917 2621; x_wconf 88' lang='lat' dir='ltr'><strong>auctoritatem</strong></span> <span class='ocrx_word' id='word_1_133' title='bbox 938 2578 1038 2624; x_wconf 87' lang='lat' dir='ltr'><strong>novae</strong></span> <span class='ocrx_word' id='word_1_134' title='bbox 1067 2561 1145 2646; x_wconf 69' lang='lat' dir='ltr'><strong>legio</strong></span> 
     </span>
     <span class='ocr_line' id='line_1_20' title="bbox 146 2673 1148 2758; baseline -0.001 -14"><span class='ocrx_word' id='word_1_135' title='bbox 146 2693 240 2744; x_wconf 86' lang='lat' dir='ltr'><strong>aucta</strong></span> <span class='ocrx_word' id='word_1_136' title='bbox 256 2676 421 2744; x_wconf 72' lang='lat' dir='ltr'><strong>necessitas</strong></span> <span class='ocrx_word' id='word_1_137' title='bbox 433 2675 641 2758; x_wconf 87' lang='lat' dir='ltr'><strong>imploraret,</strong></span> <span class='ocrx_word' id='word_1_138' title='bbox 663 2673 822 2739; x_wconf 86' lang='lat' dir='ltr'><strong>Fanniam</strong></span> <span class='ocrx_word' id='word_1_139' title='bbox 837 2676 937 2740; x_wconf 91' lang='lat' dir='ltr'><strong>latam</strong></span> <span class='ocrx_word' id='word_1_140' title='bbox 947 2697 1020 2741; x_wconf 83' lang='lat' dir='ltr'><strong>ecee.</strong></span> <span class='ocrx_word' id='word_1_141' title='bbox 1044 2676 1148 2744; x_wconf 90' lang='lat' dir='ltr'><strong>Utra-</strong></span> 
     </span>
     <span class='ocr_line' id='line_1_21' title="bbox 146 2791 1148 2884; baseline -0.003 -21"><span class='ocrx_word' id='word_1_142' title='bbox 146 2820 209 2884; x_wconf 85' lang='lat' dir='ltr'><strong>que</strong></span> <span class='ocrx_word' id='word_1_143' title='bbox 221 2811 371 2881; x_wconf 89' lang='lat' dir='ltr'><strong>tempore</strong></span> <span class='ocrx_word' id='word_1_144' title='bbox 383 2794 527 2860; x_wconf 66' lang='lat' dir='ltr'><strong>exolevit:</strong></span> <span class='ocrx_word' id='word_1_145' title='bbox 542 2805 614 2858; x_wconf 92' lang='lat' dir='ltr'><strong>tum</strong></span> <span class='ocrx_word' id='word_1_146' title='bbox 627 2792 722 2858; x_wconf 90' lang='lat' dir='ltr'><strong>Didia</strong></span> <span class='ocrx_word' id='word_1_147' title='bbox 733 2796 797 2858; x_wconf 84' lang='lat' dir='ltr'><strong>late</strong></span> <span class='ocrx_word' id='word_1_148' title='bbox 808 2806 854 2857; x_wconf 84' lang='lat' dir='ltr'><strong>eet</strong></span> <span class='ocrx_word' id='word_1_149' title='bbox 866 2806 982 2878; x_wconf 76' lang='lat' dir='ltr'><strong>etpost</strong></span> <span class='ocrx_word' id='word_1_150' title='bbox 994 2791 1148 2880; x_wconf 71' lang='lat' dir='ltr'><strong>abrogata</strong></span> 
     </span>
    </p>
   </div>
   <div class='ocr_carea' id='block_1_3' title="bbox 44 2909 1147 2998">
    <p class='ocr_par' dir='ltr' id='par_1_3' title="bbox 44 2909 1147 2998">
     <span class='ocr_line' id='line_1_22' title="bbox 44 2909 1147 2998; baseline -0.005 -16"><span class='ocrx_word' id='word_1_151' title='bbox 44 2911 46 2916; x_wconf 71' lang='grc'><strong>’</strong></span> <span class='ocrx_word' id='word_1_152' title='bbox 146 2939 166 2982; x_wconf 86' lang='lat' dir='ltr'><strong>a</strong></span> <span class='ocrx_word' id='word_1_153' title='bbox 199 2915 358 2981; x_wconf 91' lang='lat' dir='ltr'><strong>Duronio.</strong></span> <span class='ocrx_word' id='word_1_154' title='bbox 410 2911 509 2998; x_wconf 86' lang='lat' dir='ltr'><strong>Cujue</strong></span> <span class='ocrx_word' id='word_1_155' title='bbox 539 2912 573 2976; x_wconf 91' lang='lat' dir='ltr'><strong>in</strong></span> <span class='ocrx_word' id='word_1_156' title='bbox 600 2913 733 2987; x_wconf 89' lang='lat' dir='ltr'><strong>locum,</strong></span> <span class='ocrx_word' id='word_1_157' title='bbox 754 2909 845 2976; x_wconf 74' lang='lat' dir='ltr'><strong>nulli</strong></span> <span class='ocrx_word' id='word_1_158' title='bbox 875 2913 942 2976; x_wconf 84' lang='lat' dir='ltr'><strong>iere</strong></span> <span class='ocrx_word' id='word_1_159' title='bbox 960 2912 1147 2994; x_wconf 74' lang='lat' dir='ltr'><strong>interpositi</strong></span> 
     </span>
    </p>
   </div>
   <div class='ocr_carea' id='block_1_4' title="bbox 146 3027 1150 3949">
    <p class='ocr_par' dir='ltr' id='par_1_4' title="bbox 146 3027 1150 3949">
     <span class='ocr_line' id='line_1_23' title="bbox 146 3027 1147 3116; baseline -0.005 -16"><span class='ocrx_word' id='word_1_160' title='bbox 146 3033 258 3110; x_wconf 79' lang='lat' dir='ltr'><strong>mord,</strong></span> <span class='ocrx_word' id='word_1_161' title='bbox 294 3032 414 3116; x_wconf 67' lang='lat' dir='ltr'><strong>injussu</strong></span> <span class='ocrx_word' id='word_1_162' title='bbox 442 3028 554 3114; x_wconf 89' lang='lat' dir='ltr'><strong>populi</strong></span> <span class='ocrx_word' id='word_1_163' title='bbox 580 3028 728 3094; x_wconf 85' lang='lat' dir='ltr'><strong>eucceeeit</strong></span> <span class='ocrx_word' id='word_1_164' title='bbox 761 3027 902 3104; x_wconf 86' lang='lat' dir='ltr'><strong>Licinia,</strong></span> <span class='ocrx_word' id='word_1_165' title='bbox 926 3049 1007 3112; x_wconf 84' lang='lat' dir='ltr'><strong>quae</strong></span> <span class='ocrx_word' id='word_1_166' title='bbox 1038 3029 1147 3110; x_wconf 78' lang='lat' dir='ltr'><strong>paucio</strong></span> 
     </span>
     <span class='ocr_line' id='line_1_24' title="bbox 146 3137 1149 3233; baseline -0.005 -15"><span class='ocrx_word' id='word_1_167' title='bbox 146 3151 287 3218; x_wconf 73' lang='lat' dir='ltr'><strong>mutatio</strong></span> <span class='ocrx_word' id='word_1_168' title='bbox 311 3149 346 3215; x_wconf 89' lang='lat' dir='ltr'><strong>in</strong></span> <span class='ocrx_word' id='word_1_169' title='bbox 378 3149 539 3233; x_wconf 87' lang='lat' dir='ltr'><strong>plerisque</strong></span> <span class='ocrx_word' id='word_1_170' title='bbox 573 3167 649 3212; x_wconf 89' lang='lat' dir='ltr'><strong>cum</strong></span> <span class='ocrx_word' id='word_1_171' title='bbox 684 3137 831 3223; x_wconf 81' lang='lat' dir='ltr'><strong>Fannia,</strong></span> <span class='ocrx_word' id='word_1_172' title='bbox 855 3145 917 3210; x_wconf 83' lang='lat' dir='ltr'><strong>ritu</strong></span> <span class='ocrx_word' id='word_1_173' title='bbox 942 3158 1039 3230; x_wconf 85' lang='lat' dir='ltr'><strong>atque</strong></span> <span class='ocrx_word' id='word_1_174' title='bbox 1060 3148 1149 3213; x_wconf 81' lang='lat' dir='ltr'><strong>aenio</strong></span> 
     </span>
     <span class='ocr_line' id='line_1_25' title="bbox 147 3263 1148 3355; baseline -0.005 -18"><span class='ocrx_word' id='word_1_175' title='bbox 147 3272 340 3346; x_wconf 86' lang='lat' dir='ltr'><strong>obliterata,</strong></span> <span class='ocrx_word' id='word_1_176' title='bbox 388 3268 597 3355; x_wconf 72' lang='lat' dir='ltr'><strong>congruebat.</strong></span> <span class='ocrx_word' id='word_1_177' title='bbox 647 3263 771 3351; x_wconf 76' lang='lat' dir='ltr'><strong>‘ltaque</strong></span> <span class='ocrx_word' id='word_1_178' title='bbox 803 3285 906 3328; x_wconf 84' lang='lat' dir='ltr'><strong>norae</strong></span> <span class='ocrx_word' id='word_1_179' title='bbox 940 3265 1035 3349; x_wconf 80' lang='lat' dir='ltr'><strong>hujus</strong></span> <span class='ocrx_word' id='word_1_180' title='bbox 1070 3267 1148 3354; x_wconf 74' lang='lat' dir='ltr'><strong>legia</strong></span> 
     </span>
     <span class='ocr_line' id='line_1_26' title="bbox 147 3381 1148 3471; baseline -0.005 -16"><span class='ocrx_word' id='word_1_181' title='bbox 147 3388 360 3464; x_wconf 86' lang='lat' dir='ltr'><strong>auctoritate,</strong></span> <span class='ocrx_word' id='word_1_182' title='bbox 385 3407 468 3471; x_wconf 91' lang='lat' dir='ltr'><strong>quae</strong></span> <span class='ocrx_word' id='word_1_183' title='bbox 490 3397 584 3452; x_wconf 83' lang='lat' dir='ltr'><strong>autea</strong></span> <span class='ocrx_word' id='word_1_184' title='bbox 603 3381 745 3450; x_wconf 88' lang='lat' dir='ltr'><strong>Fanniae</strong></span> <span class='ocrx_word' id='word_1_185' title='bbox 767 3382 1148 3462; x_wconf 83' lang='lat' dir='ltr'><strong>serendaecausafueret,</strong></span> 
     </span>
     <span class='ocr_line' id='line_1_27' title="bbox 148 3499 1147 3593; baseline -0.006 -19"><span class='ocrx_word' id='word_1_186' title='bbox 148 3509 245 3593; x_wconf 80' lang='lat' dir='ltr'><strong>ipeiur</strong></span> <span class='ocrx_word' id='word_1_187' title='bbox 263 3505 405 3574; x_wconf 87' lang='lat' dir='ltr'><strong>Fanniae</strong></span> <span class='ocrx_word' id='word_1_188' title='bbox 425 3502 627 3569; x_wconf 76' lang='lat' dir='ltr'><strong>exolescentie</strong></span> <span class='ocrx_word' id='word_1_189' title='bbox 652 3501 757 3584; x_wconf 85' lang='lat' dir='ltr'><strong>capita</strong></span> <span class='ocrx_word' id='word_1_190' title='bbox 777 3502 884 3566; x_wconf 90' lang='lat' dir='ltr'><strong>denuo</strong></span> <span class='ocrx_word' id='word_1_191' title='bbox 906 3499 1047 3567; x_wconf 78' lang='lat' dir='ltr'><strong>stabilita</strong></span> <span class='ocrx_word' id='word_1_192' title='bbox 1061 3517 1147 3568; x_wconf 84' lang='lat' dir='ltr'><strong>eunt.</strong></span> 
     </span>
     <span class='ocr_line' id='line_1_28' title="bbox 152 3611 1150 3711; baseline -0.004 -19"><span class='ocrx_word' id='word_1_193' title='bbox 152 3624 247 3711; x_wconf 89' lang='lat' dir='ltr'><strong>Quod</strong></span> <span class='ocrx_word' id='word_1_194' title='bbox 267 3625 294 3690; x_wconf 85' lang='lat' dir='ltr'><strong>ai</strong></span> <span class='ocrx_word' id='word_1_195' title='bbox 327 3637 497 3699; x_wconf 82' lang='lat' dir='ltr'><strong>tenemur,</strong></span> <span class='ocrx_word' id='word_1_196' title='bbox 532 3621 623 3687; x_wconf 78' lang='lat' dir='ltr'><strong>facile</strong></span> <span class='ocrx_word' id='word_1_197' title='bbox 654 3617 810 3686; x_wconf 87' lang='lat' dir='ltr'><strong>Macrobii</strong></span> <span class='ocrx_word' id='word_1_198' title='bbox 822 3611 928 3684; x_wconf 75' lang='lat' dir='ltr'><strong>¹verba</strong></span> <span class='ocrx_word' id='word_1_199' title='bbox 950 3620 1150 3688; x_wconf 77' lang='lat' dir='ltr'><strong>ecolucente</strong></span> 
     </span>
     <span class='ocr_line' id='line_1_29' title="bbox 153 3736 1149 3832; baseline -0.006 -22"><span class='ocrx_word' id='word_1_200' title='bbox 153 3756 245 3810; x_wconf 79' lang='lat' dir='ltr'><strong>metu</strong></span> <span class='ocrx_word' id='word_1_201' title='bbox 280 3743 369 3832; x_wconf 82' lang='lat' dir='ltr'><strong>logie</strong></span> <span class='ocrx_word' id='word_1_202' title='bbox 403 3742 619 3829; x_wconf 75' lang='lat' dir='ltr'><strong>antiquioris</strong></span> <span class='ocrx_word' id='word_1_203' title='bbox 650 3741 692 3805; x_wconf 89' lang='lat' dir='ltr'><strong>ad</strong></span> <span class='ocrx_word' id='word_1_204' title='bbox 723 3741 830 3826; x_wconf 72' lang='lat' dir='ltr'><strong>legem</strong></span> <span class='ocrx_word' id='word_1_205' title='bbox 855 3736 1014 3803; x_wconf 88' lang='lat' dir='ltr'><strong>Fanniam</strong></span> <span class='ocrx_word' id='word_1_206' title='bbox 1037 3741 1149 3804; x_wconf 85' lang='lat' dir='ltr'><strong>referri</strong></span> 
     </span>
     <span class='ocr_line' id='line_1_30' title="bbox 155 3855 1149 3949; baseline -0.005 -20"><span class='ocrx_word' id='word_1_207' title='bbox 155 3876 300 3948; x_wconf 87' lang='lat' dir='ltr'><strong>oportere</strong></span> <span class='ocrx_word' id='word_1_208' title='bbox 312 3860 541 3949; x_wconf 78' lang='lat' dir='ltr'><strong>intelligimur,</strong></span> <span class='ocrx_word' id='word_1_209' title='bbox 561 3859 659 3924; x_wconf 86' lang='lat' dir='ltr'><strong>eimul</strong></span> <span class='ocrx_word' id='word_1_210' title='bbox 672 3877 749 3924; x_wconf 81' lang='lat' dir='ltr'><strong>vero</strong></span> <span class='ocrx_word' id='word_1_211' title='bbox 760 3855 921 3922; x_wconf 88' lang='lat' dir='ltr'><strong>minuitur</strong></span> <span class='ocrx_word' id='word_1_212' title='bbox 933 3856 1149 3940; x_wconf 84' lang='lat' dir='ltr'><strong>optimatum,</strong></span> 
     </span>
    </p>
   </div>
   <div class='ocr_carea' id='block_1_5' title="bbox 187 4117 482 4183">
    <p class='ocr_par' dir='ltr' id='par_1_5' title="bbox 187 4117 482 4183">
     <span class='ocr_line' id='line_1_31' title="bbox 187 4117 482 4183; baseline -0.014 -9"><span class='ocrx_word' id='word_1_213' title='bbox 187 4136 200 4174; x_wconf 76' lang='grc' dir='ltr'><strong>ι</strong></span> <span class='ocrx_word' id='word_1_214' title='bbox 240 4121 354 4172; x_wconf 77' lang='lat' dir='ltr'><strong>Soram.</strong></span> <span class='ocrx_word' id='word_1_215' title='bbox 375 4117 420 4183; x_wconf 79' lang='lat' dir='ltr'><strong>ll,</strong></span> <span class='ocrx_word' id='word_1_216' title='bbox 440 4119 482 4172; x_wconf 81' lang='lat'><strong>15.</strong></span> 
     </span>
    </p>
   </div>
   <div class='ocr_carea' id='block_1_6' title="bbox 0 0 1466 4986">
    <p class='ocr_par' dir='ltr' id='par_1_6' title="bbox 0 0 1466 4986">
     <span class='ocr_line' id='line_1_32' title="bbox 0 0 1466 4986; baseline 0 0"><span class='ocrx_word' id='word_1_217' title='bbox 0 0 1466 4986; x_wconf 95' lang='lat' dir='ltr'><strong> </strong></span> 
     </span>
    </p>
   </div>
  </div>
 </body>
</html>
