2894 4986
650 411 687 470 71

165 587 257 652 illam
285 586 393 651 induci
425 587 612 670 opinionem
635 597 785 670 poterant
815 587 1036 666 aodebebaut,
1056 603 1092 652 ut
1112 611 1169 654 ae·
1224 641 1227 646 .

167 718 297 770 ternam
334 707 403 770 fore
428 704 488 769 sibi
522 708 768 788 persuaderent3
803 707 924 790 quippe
943 705 990 772 sio
1012 707 1169 792 paulatim

165 837 261 890 aucta
289 845 327 889 ac
342 823 482 889 stabilita
505 827 625 899 luerat,
657 833 697 888 ut
720 823 765 890 vis
787 823 816 888 ei
839 826 927 890 nulla
948 826 1091 892 resistere
1114 838 1171 890 aut

163 941 336 1008 interitum
361 942 469 1007 moliri
489 963 579 1026 posse
602 941 775 1008 videretur.
822 941 885 1008 Sed
904 966 924 1008 a
941 964 1073 1010 summo
1093 948 1169 1032 glo-

163 1061 231 1126 riae
241 1060 471 1146 potentiaeque
492 1060 617 1148 fastigio
636 1081 703 1145 quo
718 1061 851 1144 propius
870 1061 1005 1128 aberant
1016 1062 1169 1140 Romani,

164 1199 202 1245 co
234 1178 364 1265 gravius
386 1179 551 1264 undique,
586 1200 627 1244 ue
645 1179 731 1270 intus
753 1193 1018 1264 corrumperetur
1041 1181 1168 1257 civitas,

164 1298 350 1382 periculum
377 1297 581 1363 imminebat.
626 1296 717 1384 Quae
745 1297 779 1362 P.
815 1298 954 1364 Aemilio
982 1302 1027 1364 'ds
1049 1299 1163 1364 Perseo

165 1415 382 1482 Macedonum
413 1436 489 1504 rege
514 1417 693 1503 contigerat
722 1417 855 1483 victoria
889 1441 917 1483 a.
951 1419 1015 1484 586
1050 1395 1168 1508 (168),

163 1533 363 1600 nobilissima
383 1537 490 1598 luerat
510 1546 543 1599 et
559 1533 826 1618 praedicabatur,
848 1538 903 1600 sed
924 1537 1037 1602 nocuit
1055 1539 1168 1602 eadem

164 1653 250 1718 vitae
286 1653 485 1737 morumque
505 1652 722 1736 simplicitati,
758 1653 879 1738 quippe
913 1667 1017 1721 tantas
1043 1655 1168 1720 Romae

164 1771 292 1837 divitias
311 1771 467 1847 inferam,
502 1783 540 1835 ut
561 1771 616 1835 diu
644 1770 773 1836 tributis
792 1775 1069 1856 supersederatur,
1092 1786 1169 1837 tan-

164 1903 264 1976 toque
294 1889 393 1956 simul
420 1887 610 1954 imitationis
645 1889 752 1954 studio
784 1890 947 1956 civitatem
979 1891 1167 1969 incendens,

167 2022 203 2074 ut
233 2007 430 2096 negligentia
464 2007 590 2093 antiqui
635 2007 734 2072 moris
771 2021 870 2093 atque
907 2009 1044 2080 instituti
1077 2010 1167 2074 brevi

165 2139 426 2213 consequeretur.
480 2125 732 2191 invalescentem
768 2146 807 2191 eo
840 2140 987 2210 tempore
1024 2127 1169 2211 discipli-

164 2268 223 2312 nae
248 2244 349 2310 civilis
376 2243 641 2328 depravationem
672 2243 821 2330 Polybius
850 2243 943 2310 nohis
974 2245 1027 2310 his
1059 2246 1165 2312 verbis

163 2363 375 2452 significavit:
408 2364 447 2429 Oi
477 2365 536 2445 μέν
569 2367 629 2449 γὰρ
652 2361 820 2447 (Scipionis
849 2363 977 2448 juvenis
1007 2362 1165 2450 aequales)

165 2487 207 2558 είς
237 2484 408 2570 ἐρωμένους
438 2485 503 2549 τῶν
524 2482 624 2561 νέων,
659 2484 690 2548 oi
723 2481 797 2556 δἐίς
819 2485 944 2568 ἑταίρας
967 2483 1166 2570 ἐξεκέχυντο,

165 2601 277 2668 πολλοί
301 2601 335 2668 δέ
359 2604 402 2676 είς
424 2602 607 2687 ἀκροάματα
629 2603 682 2665 καί
704 2605 820 2675 πότους
843 2605 896 2666 καί
919 2607 977 2684 τὴν
1000 2607 1034 2670 έν
1046 2610 1168 2680 τούτοις

165 2719 392 2800 πολυτέλειαν,
422 2720 541 2807 ταχέως
569 2723 741 2806 ἡρπακότες
773 2723 807 2785 ἐν
841 2726 885 2806 τῷ
906 2728 1049 2808 Περσικῷ
1072 2721 1168 2788 πολέ-

164 2865 213 2924 μῳ
244 2843 305 2921 τὴν
334 2840 401 2904 τῶν
430 2835 592 2919 Ἑλλήνων
623 2839 666 2912 είς
695 2843 786 2902 τοῦτο
816 2841 852 2902 τὸ
881 2840 971 2926 μέρος
994 2841 1163 2927 εὐχέρειαν·

165 2961 218 3023 καί
248 2956 420 3044 τηλικαύτῃ
457 2981 505 3030 τις
536 2958 741 3022 ἐνεπεπτώκει
772 2961 843 3043 περὶ
874 2961 913 3022 τὰ
942 2967 1073 3023 τοιαῦτα
1102 2962 1167 3025 τῶν

165 3079 264 3164 ἔργον
294 3077 429 3162 ἀκρασία
457 3082 522 3150 τοῖς
545 3075 646 3154 νέοις,
678 3074 755 3140 ὥστε
778 3073 911 3150 πολλοιίς
932 3080 990 3159 μέν
1014 3080 1167 3162 ἐρώμενον

164 3197 353 3283 ἡμορακέναι
375 3193 543 3260 ταλάντου.
589 3195 720 3282 Συνέβη
743 3193 796 3273 δέ,
820 3199 877 3276 τὴν
900 3203 1060 3279 παροῦσαν
1083 3199 1168 3283 αἵρε-

165 3339 215 3381 σιν
245 3310 314 3381 οἷον
345 3312 505 3398 ἐκλάμψαι
535 3317 616 3378 κατὰ
639 3317 709 3386 τοιίς
738 3322 796 3378 νῦν
819 3311 1001 3395 λεγομένους
1024 3319 1167 3400 καιρούς,

166 3437 291 3519 πρῶτον
319 3437 379 3516 μίν
412 3433 465 3498 διοί
487 3437 542 3512 sti,
574 3430 801 3515 καταλυθείσης
835 3438 889 3514 τῆς
923 3435 957 3498 έν
979 3434 1169 3518 Μακεδονίᾳ

167 3552 345 3640 βασιλείας,
383 3551 486 3617 δοκεῖν
516 3551 664 3637 α’δήριτον
695 3551 800 3623 αὐτοῖς
829 3553 980 3637 ὑπάρχειν
1010 3557 1067 3634 τὴν
1097 3557 1167 3640 περί

168 3673 232 3739 τῶν
261 3671 344 3738 ὅλων
383 3672 536 3748 ἐξουσίαν·
570 3673 680 3735 ἔπειτα
710 3668 763 3734 δαί
794 3673 828 3734 τό
859 3668 979 3752 πολλὴν
1014 3674 1163 3755 ἐπίφασιν

168 3792 315 3870 γενέσθαι
338 3797 392 3873 τῆς
415 3789 614 3872 εὐδαιμονίας
636 3792 707 3875 περί
729 3813 761 3854 τε
785 3793 855 3862 τοείς
878 3788 948 3853 κατ’
971 3788 1056 3855 ίδίαν
1079 3795 1167 3879 βίους

169 3914 221 3973 καί
250 3913 321 3996 περί
352 3912 393 3974 τοί
423 3912 534 3988 κοινοί,
557 3911 622 3974 τῶν
645 3911 678 3973 έκ
701 3907 906 3982 Μακεδονίας
927 3920 1167 3992 μετακομισθει-

172 4031 233 4096 σῶν
257 4033 300 4104 είς
323 4031 382 4112 τὴν
405 4028 534 4114 Ῥώμην
559 4030 711 4116 χορηγιῶν
730 4027 754 4090 ¹.
801 4025 917 4112 Neque
942 4031 1073 4094 varohis
1097 4031 1169 4096 dis-

203 4271 213 4308 t
252 4253 383 4318 xxxn,
404 4270 444 4307 ιι.
