2888 4972
611 395 676 458 295

133 573 224 638 enim
258 571 334 638 illc:
360 571 529 640 «iambus
557 593 624 636 non
653 593 767 636 sanea
794 571 952 637 Romanis
972 571 1152 636 celebratus

134 705 254 768 camut
278 692 453 777 proprium
474 713 576 776 cpua3
598 715 617 756 a
641 691 838 776 quibusdam
857 690 1080 774 interpositus:
1095 711 1152 753 cu·

130 813 185 896 juo
207 811 363 877 acerbitas
381 812 418 875 in
429 809 577 889 Catullo,
601 810 769 888 Bibaculo,
782 809 933 875 Horatio:
948 831 1152 895 quamquam

133 929 180 994 illi
203 932 321 1013 epodoe
338 929 534 994 intervenire
561 929 744 1012 reperiatur
759 928 816 994 1.»
863 928 1153 1003 Existimabimus,
1184 1003 1189 1014 ,

134 1071 154 1112 a
177 1045 383 1134 Quintiliano
400 1063 575 1131 propterea
588 1048 744 1112 omissum
760 1047 924 1114 Lucilium
936 1094 945 1126 ‚
958 1049 1048 1132 quod
1060 1067 1153 1112 ocer-

135 1167 283 1231 hitatem
303 1165 340 1230 in
370 1166 490 1250 jambis
513 1168 640 1230 nullam
654 1166 824 1250 prodidit?
847 1165 892 1232 At
912 1166 998 1231 idem
1017 1165 1054 1229 in
1077 1165 1154 1230 sati·

133 1286 177 1352 ric
198 1289 459 1371 haudquaquam
476 1307 549 1350 eam
572 1286 801 1352 desiderauit
834 1284 945 1373 Quare
968 1289 1047 1350 haec
1071 1307 1154 1350 cau·

133 1427 169 1472 ea
193 1405 223 1470 ei
239 1426 308 1469 non
327 1405 422 1470 fuisse
448 1405 597 1484 videtur,
619 1427 679 1470 cur
699 1405 826 1470 silentio
847 1427 926 1470 eum
948 1405 1163 1489 praeteriret,

133 1523 197 1592 Vel
227 1527 322 1589 fallor
356 1524 530 1607 equidem,
564 1527 616 1588 vel
650 1526 729 1589 haee
762 1521 930 1608 scriptoris
953 1545 1044 1588 mens
1068 1523 1151 1586 suit:

136 1664 225 1721 non,
251 1656 289 1706 ut
313 1643 430 1718 satira,
450 1643 584 1726 jambus
613 1641 773 1708 vindicari
794 1643 952 1708 Romanis
976 1642 1157 1726 proprium

135 1781 216 1844 opus
240 1773 366 1844 potest,
389 1762 476 1824 seda
494 1759 625 1826 Graecis
638 1760 783 1846 petitum
797 1764 990 1840 coluerunt3
1016 1763 1157 1825 fuerunt

135 1894 248 1947 autem
270 1879 328 1964 qui
348 1900 483 1944 carmen
499 1879 686 1964 jambieum
710 1901 778 1945 non
799 1884 906 1946 colum
929 1893 961 1946 et
981 1881 1152 1966 integrum

137 2001 336 2074 conderent,
368 2001 424 2062 sed
455 1997 512 2062 alii
545 1999 733 2063 carminum
762 1999 873 2086 generi
895 2000 1152 2082 interponerent.

135 2117 173 2182 ln
194 2118 385 2200 hiaprccul
407 2115 509 2180 dubio
529 2115 673 2181 Lucilius
690 2089 783 2180 nobis
804 2119 973 2200 ponendus
986 2115 1069 2194 erit,
1083 2115 1152 2200 qui,

138 2236 230 2321 quod
248 2231 354 2298 satiris
376 2232 440 2297 suis
457 2233 587 2317 jambos
610 2234 766 2311 inseruit,
790 2234 942 2300 Diomedi
954 2247 987 2298 et
1004 2233 1156 2318 Appule-

137 2352 365 2440 jojcmbicm
387 2351 451 2416 diei
474 2353 605 2436 potuit,
629 2367 663 2418 et
672 2355 748 2440 jure
758 2367 872 2418 tamen
892 2351 1156 2438 idemaQuinti-

136 2473 226 2538 liano
243 2471 373 2549 omitti,
394 2471 526 2556 jambos
547 2472 763 2538 scribentium
781 2493 848 2537 non
874 2473 1163 2556 interponentium⁴

138 2591 344 2657 mentionem
367 2589 523 2654 disertam
545 2591 694 2656 faciente.
719 2590 890 2655 Hermann
914 2605 1041 2668 censet,
1062 2593 1165 2676 jam--

138 2711 244 2789 bum,
284 2712 417 2794 qualem
453 2708 539 2774 inter
571 2707 714 2774 Graecos
742 2707 958 2774 Archilochus
991 2711 1154 2789 condidit,

137 2829 290 2918 quamvis
305 2826 536 2916 indignationis
556 2831 684 2898 fervore
705 2840 738 2893 et
753 2828 856 2916 lyrico
867 2830 1012 2914 quodam
1023 2829 1153 2913 impetu

139 2969 299 3036 magnam
329 2967 407 3012 cum
441 2945 540 3012 satira
568 2947 760 3014 affinitatem
792 2945 934 3023 habeat,
957 2959 1070 3012 tamen
1094 2947 1156 3012 hec

137 3066 210 3152 ipen
228 3087 265 3132 re
281 3087 414 3132 rursum
435 3065 478 3130 ab
496 3065 553 3129 illa
572 3061 720 3144 dilllerrc,
744 3067 854 3151 quod,
873 3065 976 3129 nimia
987 3065 1154 3132 dicacitate

137 3184 256 3264 ruens,
280 3207 348 3250 non
368 3197 407 3249 ut
426 3183 649 3252 Horatiuc'ree
674 3185 755 3262 sibi,
773 3188 827 3250 sed
846 3205 879 3250 ee
898 3185 996 3250 rebus
1012 3185 1155 3272 subjun-

143 3321 217 3396 gat,
246 3305 464 3390 hominesque
487 3301 595 3389 ipim,
618 3325 685 3369 non
702 3301 782 3369 vitia
797 3324 914 3374 eorum
938 3305 1161 3392 aggrediendo

139 3431 235 3492 edam
252 3426 325 3510 ipae
340 3423 572 3509 impotentiam
587 3425 716 3508 prodat„
748 3423 894 3492 Tantam
913 3437 1023 3489 autam
1043 3423 1154 3490 <liceri

141 3565 220 3612 men
244 3545 329 3610 iuter
353 3539 521 3608 Lucilium
542 3557 575 3608 et
593 3541 1156 3630 Graecorumjambographorsta-

143 3665 207 3731 tuit
238 3665 355 3740 fuisse,
388 3675 554 3749 quantum
577 3663 664 3728 inter
687 3661 813 3729 Horatii
836 3665 955 3749 epodos
980 3677 1012 3728 et
1031 3683 1153 3734 sermo-

143 3905 423 3922 ῌ

179 4057 193 4096 ι
229 4045 306 4094 Imt.
325 4045 375 4094 Or.
394 4040 434 4106 X,
454 4059 482 4094 α.

178 4157 196 4192 2
229 4139 298 4208 Sap.
315 4157 343 4208 p.
362 4141 406 4211 87·
