2894 4986
636 431 677 491 53

155 629 244 692 posse
260 603 304 672 eb
323 628 381 683 ea,
402 627 501 692 quam
523 603 689 692 Appianus
712 607 799 690 prius
817 609 1027 685 memoravit,
1050 629 1149 693 quae·

155 729 294 792 rendum
311 745 420 809 porro,
433 726 597 809 quomodo
609 727 724 791 levasse
743 725 893 792 tribunus
915 747 1030 814 agrum
1041 726 1153 810 publi-

154 865 232 909 cum
256 841 404 930 vectigali
433 839 498 907 dici
522 842 675 926 potuerit.
721 843 810 908 lstud
831 844 941 910 taven
960 843 1041 930 quid
1057 858 1153 924 esset,

152 961 308 1052 indagare
333 961 441 1028 omisit
463 963 605 1028 Rudorff
622 976 655 1028 et
677 964 809 1029 tollendi
832 963 860 1030 ei
880 961 1146 1052 significationem

152 1081 379 1166 properantius
388 1079 502 1146 tribuit
514 1079 540 1146 ¹.
563 1079 754 1146 Prudentius
787 1081 867 1148 Zeiss
889 1084 930 1147 de
954 1097 1041 1148 certo
1070 1103 1153 1167 quo·

153 1201 231 1264 dam
268 1199 368 1263 modo
411 1197 619 1284 vectigalibus
645 1197 815 1282 imposito,
857 1219 922 1263 non
953 1201 993 1264 de
1021 1199 1153 1266 sublatis

153 1311 539 1404 vectigalibusacoepit2.
563 1313 711 1400 Eamque
737 1336 847 1380 ueram
870 1335 934 1382 csse
963 1316 1154 1401 interpretu-

152 1433 279 1499 tionem
292 1432 420 1498 defendi
442 1445 568 1518 potest,
592 1431 669 1518 quia
692 1431 805 1498 Cicero
827 1432 972 1498 distinxit
993 1435 1154 1502 levasset

155 1553 318 1618 liberare.
362 1550 446 1616 Nem
469 1549 525 1616 etsi
546 1552 586 1616 de
608 1571 681 1615 aere
699 1551 801 1616 alieno
829 1554 916 1635 apud
946 1573 1022 1618 eum
1048 1573 1154 1619 sermo

154 1671 248 1749 sitit,
280 1670 328 1736 nil
360 1669 466 1736 obstat
499 1669 673 1756 quominus
697 1669 784 1734 idem
803 1670 975 1735 discrimen
1005 1672 1154 1757 quemvis

155 1789 188 1853 in
222 1809 296 1854 rem
319 1788 498 1854 conveniat.
543 1785 632 1874 Quin
654 1787 821 1873 usurpavit
845 1787 993 1854 liberare
1015 1794 1154 1856 devec-

155 1907 308 1994 tiqalibus
331 1906 400 1994 agri
423 1903 593 1991 publici43
620 1905 813 1991 quominus
835 1906 1051 1972 dubitandum
1072 1908 1153 1993 quin

156 2026 231 2092 data
249 2026 349 2110 operi
373 2025 484 2090 letare
506 2024 673 2089 minuendi
695 2045 787 2089 sensu
810 2025 961 2108 posuerit.
985 2023 1069 2089 Huic
1079 2045 1156 2090 vero

157 2141 416 2228 interpretationi
447 2142 519 2208 ride
551 2163 652 2228 quam
676 2144 804 2208 faveant
829 2143 969 2228 Appiani
990 2145 1097 2220 locus,
1124 2154 1157 2207 et

158 2263 289 2328 tabulae
321 2263 513 2348 fragmenta.
559 2257 753 2324 Lavabatur
784 2259 872 2342 enim
906 2281 981 2348 eger
1009 2259 1157 2345 publicus

157 2379 385 2468 vectigalibus,
420 2377 544 2465 qnippe
574 2377 608 2442 iu
639 2376 806 2462 privatum
828 2378 1007 2443 maximam
1030 2391 1158 2464 partem

157 2507 396 2574 commutatus,
415 2496 466 2563 cui
478 2493 538 2580 ipsi
549 2495 904 2579 novaimpositaerant.
926 2494 1038 2583 Neque
1049 2510 1159 2562 tamen

160 2618 349 2682 liberatum
370 2635 487 2702 agrum
501 2613 671 2698 publicum
683 2633 747 2678 esse
756 2613 931 2679 existimari
942 2627 1066 2700 potest:
1080 2637 1157 2680 nam

157 2749 324 2822 supererat
358 2734 533 2819 scriptura,
562 2753 645 2818 quae
667 2731 887 2817 imperabatur
901 2733 936 2799 iis
958 2734 1015 2820 qui
1033 2734 1068 2798 in
1086 2755 1158 2818 pas-

159 2855 225 2920 cuis
245 2853 383 2939 publicio
403 2853 511 2936 plures
534 2852 672 2936 pecudes
695 2871 795 2937 quam
815 2853 927 2916 decem
947 2851 1078 2938 majoris
1096 2873 1158 2936 pe-

161 2972 241 3039 coris
263 2985 297 3037 et
316 2968 553 3058 quinquaginta
568 2967 703 3035 minoris
719 2969 921 3053 poscerent5.
954 2970 1026 3054 ipss
1045 2983 1154 3035 autem

161 3094 211 3156 lex
233 3089 423 3156 nonnemini
455 3091 520 3153 lata
541 3087 606 3153 risa
635 3100 682 3153 est
703 3087 738 3152 iu
757 3107 809 3153 eos
831 3088 888 3173 qui
904 3109 1021 3174 agrum
1045 3089 1158 3173 publi·

161 3231 239 3275 cum
270 3221 328 3274 sut
349 3218 572 3291 occupassent,
598 3217 655 3270 aut
682 3205 715 3269 in
753 3227 828 3270 eum
862 3205 1068 3290 protulissent
1086 3229 1159 3274 suos

161 3329 259 3405 fines,
281 3341 340 3393 aut
355 3327 450 3392 illum
471 3325 626 3412 privatim
655 3339 839 3410 pascerent,
871 3338 927 3390 aut
954 3325 1015 3391 alia
1037 3328 1160 3393 ratione

162 3448 348 3512 minuerent
367 3443 394 3512 θ.
438 3441 501 3511 Sed
531 3442 682 3509 satisfecit
720 3441 801 3508 Zeiss
830 3444 869 3508 de
897 3443 975 3531 legis
1006 3446 1155 3511 terendae

195 3683 208 3721 ι
246 3661 1017 3738 p.5o.Ci.Burmanndeveetigg.p.R.pifi.

198 3783 214 3819 a
247 3761 337 3832 p.13.

197 3860 214 3912 3
247 3862 322 3930 Bpp.
342 3859 379 3911 ad
394 3859 459 3916 Ast.
476 3857 533 3925 Vt,
552 3879 580 3926 n,
597 3859 634 3914 4:
653 3860 761 3913 multae
779 3860 909 3912 civitates
924 3859 1002 3914 omni
1011 3859 1154 3914 aereatte·

164 3956 947 4022 noliberotae,multasvsidrlsvotceeunt.

198 4053 217 4107 t
250 4053 476 4124 Bod1,19.t.

199 4149 216 4202 5
251 4150 544 4219 missotpts.

201 4244 218 4297 6
252 4247 398 4300 nectet.
419 4250 458 4302 ad
476 4249 531 4302 otc.
549 4249 585 4301 de
606 4251 685 4300 Orat.
706 4246 747 4315 ii,
766 4263 799 4318 70
817 4261 844 4312 p.
863 4245 922 4299 560.
