2894 4986
621 414 661 475 97

132 595 173 658 de
200 591 359 658 Varronis
392 590 432 656 de
455 588 641 674 Lucilianae
660 595 790 677 pudicos
813 593 997 660 charactere
1018 611 1145 664 senteu-

131 712 209 778 tiam
250 731 471 797 assequemur.
530 706 593 775 Sed
622 709 863 794 comparatione
900 711 1044 806 corporis
1074 736 1147 782 rem

130 831 306 898 illustrabit
334 828 472 908 Cicero,
503 829 583 916 qui,
606 832 647 896 de
671 830 766 918 Lysia
792 853 911 920 agens,
935 833 1146 902 babereeum

128 963 233 1018 eertoe
268 949 318 1015 eui
337 948 492 1015 studiosos
506 947 642 1025 scribit,
666 949 722 1034 qui
743 971 811 1014 uon
830 962 899 1014 tam
924 949 1053 1017 babitus
1069 973 1147 1020 eor·

129 1069 216 1154 puris
238 1069 388 1153 opimos,
421 1089 523 1153 quam
551 1065 747 1156 gracilitates
770 1082 1015 1152 consectentur3
1040 1092 1146 1158 quus,

127 1186 287 1254 valetudo
303 1188 404 1252 modo
423 1185 510 1250 bona
532 1185 595 1261 sit,
627 1185 766 1250 tenuitas
789 1186 858 1270 ipsa
874 1189 1055 1271 delectati,

173 1303 370 1374 metimus
388 1306 429 1369 ad
454 1301 684 1381 Horatium,
706 1303 955 1388 locupletiorem
964 1321 1143 1374 auctorem.

131 1423 179 1502 Is,
209 1425 302 1511 quod
323 1422 413 1508 prius
430 1424 470 1487 de
493 1421 623 1489 Lucilio
642 1428 740 1510 potita
754 1423 918 1508 judicium
935 1428 1144 1504 tulerat,ex·

130 1543 246 1612 citatur
278 1541 321 1606 ab
346 1541 401 1619 iis,
423 1544 512 1626 apud
534 1563 614 1628 quos
633 1542 676 1608 ob
695 1541 871 1628 ingenuam
893 1543 1035 1612 veritatis
1058 1567 1141 1615 cou-

128 1660 300 1726 leesionem
323 1662 409 1724 male
433 1659 607 1738 audiebat,
630 1661 745 1728 deinde
757 1661 905 1746 exposuit
916 1674 949 1729 et
957 1661 1139 1730 illustravit.
1187 1683 1193 1694 ·

127 1776 306 1846 Ordiamur
318 1777 359 1842 ab
371 1772 427 1866 iisf,
441 1799 525 1863 quae
538 1778 565 1842 ei
577 1777 731 1844 iuvidiam
745 1779 940 1846 conflarunt.
967 1781 1143 1868 Postquam
1243 1779 1251 1806 ¹

128 1899 242 1964 festivo
259 1911 295 1962 et
313 1909 410 1962 acuto
428 1893 605 1982 subtilique
622 1895 752 1984 ingenio
763 1919 840 1964 eum
852 1919 917 1964 esee
929 1898 1026 1976 dixit,
1038 1901 1142 1966 addit:

593 2049 640 2066 -
662 1995 772 2080 darae
795 2037 990 2104 componere
1010 2040 1140 2086 amens.

169 2133 266 2201 Nam
280 2134 363 2223 fuit
386 2134 446 2198 Itos
470 2135 620 2197 uitiosus
632 2157 645 2211 3
670 2135 711 2198 ia
736 2133 823 2198 tara
849 2133 1140 2222 saepedueeettae,

171 2253 219 2319 Ue
243 2273 434 2342 magnam,
458 2273 578 2316 aereae
596 2248 755 2318 dictabat
779 2262 879 2316 states
899 2251 983 2340 pede
1007 2255 1137 2320 ier-una.

171 2371 288 2460 Quam
296 2369 429 2459 flueret
454 2370 669 2447 lutulentae,
694 2381 770 2436 erat
792 2369 1014 2458 qaadtallere
1027 2374 1142 2450 velles,

171 2489 352 2556 Garrulus
373 2499 477 2576 atque
495 2492 602 2580 piger
619 2489 796 2555 ecribmde'
808 2490 910 2579 ferre
931 2491 1098 2569 laborem,

168 2605 351 2676 Serttmdt
369 2620 476 2685 recte,
501 2631 605 2686 acen,
633 2619 673 2673 ret
694 2609 864 2686 multum,
879 2610 938 2676 att
959 2609 1116 2680 marest.

127 2727 249 2794 Danae
274 2749 486 2816 componere,
514 2739 596 2795 terte
621 2724 754 2793 Comm.
778 2725 905 2811 Cruq.,
928 2743 974 2794 eet
996 2751 1089 2811 asper
1109 2730 1144 2796 iu

127 2847 356 2934 componendis
380 2844 538 2911 versibus.
584 2843 647 2910 Sed
670 2845 750 2930 quid
773 2850 993 2934 componere?
1027 2847 1143 2932 Aperit

123 2965 190 3049 ipso
212 2971 332 3053 polita:

166 3083 297 3174 Nempe
320 3087 454 3148 ineant
459 3085 565 3169 pari
571 3092 615 3146 ta
640 3079 722 3148 diet
732 3083 817 3171 pede
840 3105 979 3152 currere
1001 3107 1118 3150 aereus

168 3203 328 3268 Laeittt.

127 3321 239 3408 ltaque
263 3341 330 3386 nan
352 3320 387 3384 in
410 3319 542 3394 duras,
565 3321 620 3384 sed
642 3320 884 3406 incampmtere
905 3321 1142 3406 praeciperetis

126 3455 181 3505 eet.
226 3441 366 3514 Deerat,
399 3439 464 3516 sit,
500 3435 628 3502 Lucilio
658 3436 713 3502 illa
737 3436 909 3522 diligenter
933 3439 1138 3524 studioseque

127 3559 348 3622 faciendorum
378 3575 533 3620 versuum
563 3555 717 3630 facultas,
759 3575 858 3638 quem
883 3557 1053 3639 acquirere
1074 3579 1140 3621 uon

130 3679 226 3741 modo
263 3695 329 3739 nou
353 3671 502 3748 studuit,
535 3673 590 3736 sed
613 3693 653 3735 ne
677 3672 780 3738 uoluit
802 3673 947 3758 quidem.
994 3674 1147 3758 Apertius

129 3885 405 3906 ——-—

165 4007 177 4044 t
214 3995 303 4044 Bruta
323 3990 367 4054 16,
386 3987 430 4044 fit.

165 4106 181 4140 a
217 4091 277 4142 Sat.
299 4087 371 4152 Μ,
393 4091 457 4140 init.

167 4185 183 4235 ³
215 4189 284 4240 leod.
303 4204 336 4242 to
355 4189 421 4238 init.
442 4183 487 4241 (is.
506 4187 526 4236 J
538 4186 658 4238 acobe
682 4187 775 4238 Verm.
798 4186 879 4240 sehr.
897 4183 936 4248 V,
957 4185 1017 4240 udo·

614 4319 632 4379 7
