2860 4974
760 339 823 402 188

285 515 380 599 quae,
404 537 446 580 an
463 516 564 580 nantia
584 526 687 581 errent
706 517 892 597 protutura,
913 517 1028 578 lateret
1046 511 1146 595 ipset,
1169 511 1234 576 aire
1256 509 1293 574 ti·

286 653 359 698 cere
382 632 442 698 eibi
470 633 731 707 arbitrarentur,
754 646 793 696 ut
816 629 981 707 abstersit,
1005 651 1084 714 quaa
1110 631 1216 712 pudor
1237 649 1295 692 ex-

180 745 186 754 ’
288 749 424 828 nitentat,
448 751 605 826 lacrimis,
622 753 696 815 deos
715 753 811 815 thure
824 750 947 832 precati
965 763 998 813 et
1018 748 1189 814 eonsilium
1209 748 1296 831 quod

289 870 449 956 agitarent
478 870 569 945 faeti,
593 869 731 952 impune
763 866 996 952 luparentur1.
1042 867 1153 952 Atque
1186 867 1221 930 iu
1243 866 1298 929 itlo

289 987 424 1072 quidem
449 1007 534 1051 vano
560 999 713 1050 votorum
735 1007 853 1072 genere
877 985 1071 1071 exagitando
1090 997 1129 1048 ut
1150 983 1218 1066 ipae
1236 980 1297 1047 So·

289 1119 413 1170 cratem
448 1117 575 1169 secutus
606 1119 672 1178 est,
705 1107 820 1168 eadem
854 1123 967 1168 cavere
996 1099 1224 1186 jubentemt,
1256 1100 1298 1164 ita

288 1226 440 1307 exemplo
469 1222 598 1288 videtur
627 1223 722 1287 fuine
751 1222 861 1288 Persio
893 1235 926 1286 et
957 1219 1121 1294 Juvenali,
1155 1239 1297 1303 quorum

287 1342 341 1405 ille
361 1343 424 1404 hoe
443 1354 675 1427 argumentum
698 1340 795 1404 satira
816 1341 976 1414 secunda,
1000 1338 1054 1402 hic
1067 1337 1195 1400 decima
1215 1349 1299 1400 trae-

290 1462 381 1524 tavit.
405 1457 531 1522 Eorum
544 1479 675 1542 quoque
690 1502 698 1533 ‚
713 1457 769 1540 qni
782 1457 955 1522 simulacra
968 1458 1106 1520 deorum
1127 1455 1202 1518 deoe
1219 1453 1299 1536 ipset

289 1576 556 1660 estepanum,
578 1573 751 1640 stultitiam
774 1575 937 1650 deridens,
962 1573 1299 1638 infantibnseoeeom-

290 1696 435 1779 pararit,
471 1695 529 1778 qui
561 1693 717 1780 imagines
751 1707 857 1757 mutae
878 1706 911 1756 et
930 1689 1124 1756 inanimatae
1145 1689 1255 1754 rivere
1270 1701 1300 1752 et

291 1833 356 1878 etse
387 1811 535 1876 hominen
568 1810 629 1874 eibi
661 1831 850 1893 peraratum
871 1807 1030 1873 habereut
1043 1807 1070 1871 ³.
1116 1805 1227 1892 Quam
1244 1827 1301 1870 ru·

293 1929 518 2014 perstitionem
530 1928 620 1994 Plato
631 1949 729 2011 opere
742 1929 781 1991 de
797 1927 921 2014 legibue
936 1923 1086 1991 similiter
1107 1927 1302 2010 impugnare

291 2050 469 2114 studuerat.

339 2165 379 2228 Iu
401 2168 493 2230 nullo
519 2178 630 2229 autem
663 2164 740 2228 vitio
773 2165 1021 2250 perstringendo
1041 2175 1110 2226 tam
1132 2163 1302 2226 uehemens

295 2283 424 2348 videtur
453 2282 548 2348 suinae
572 2298 603 2346 et
629 2281 788 2356 aeerbur,
824 2303 926 2365 quam
951 2281 986 2343 in
1010 2278 1215 2344 avaritiae.
1260 2276 1302 2342 Er

294 2413 406 2464 autem
428 2413 464 2463 ut
478 2399 593 2464 Lucilii
614 2413 718 2462 aetate
736 2399 871 2485 grassari
881 2398 1006 2463 Rornae
1018 2397 1124 2480 eoepit
1136 2395 1170 2474 ⁴,
1193 2396 1239 2460 ita
1256 2395 1304 2460 vi-

294 2515 394 2603 gebat
428 2516 462 2580 in
493 2517 675 2600 provinciis.
698 2515 826 2601 Quibus
845 2537 958 2580 earum
980 2515 1217 2580 administratio
1239 2535 1303 2578 ere·

295 2633 457 2709 debatur,
479 2634 562 2698 lucri
577 2632 715 2698 faciendi
735 2655 792 2716 epe
806 2632 1117 2716 proficiseebanttrr‚
1140 2653 1197 2708 aa,
1210 2651 1304 2695 num·

296 2752 359 2818 mie
383 2752 558 2836 postposita
576 2751 697 2816 virtute
720 2772 757 2815 ae
775 2751 859 2826 fide,
884 2751 941 2834 qui
965 2770 1059 2833 saepe
1073 2769 1231 2832 pauperes
1255 2747 1305 2811 di·

298 2868 400 2934 vitem
435 2866 639 2952 provinciam
673 2868 844 2944 obierant,
874 2889 1018 2951 paupere
1038 2866 1154 2932 divites
1171 2867 1307 2932 demde·

298 2987 389 3054 bant.
422 2985 614 3052 Praesertim
635 2989 715 3051 haee
729 2985 811 3050 ratio
840 2985 1019 3068 publicana
1039 2984 1209 3068 plaeebat,
1227 3003 1306 3068 quo·

291 3127 376 3170 rum
406 3117 476 3170 erat
509 3104 681 3170 exhaurire
711 3103 962 3186 provincialium
985 3106 1154 3177 fortunae,
1191 3101 1306 3187 quihus

299 3223 449 3305 primum
486 3245 557 3288 rem
584 3244 700 3298 auam,
725 3221 840 3286 deinde
858 3221 1020 3286 aerarium
1041 3219 1240 3303 reipublieae
1260 3222 1307 3284 lo-

301 3342 516 3423 cupletarent.
552 3339 666 3426 Quum
697 3341 762 3425 ipre
787 3337 984 3424 publicanus
1007 3352 1109 3414 earet,
1133 3351 1218 3404 artes
1238 3339 1306 3404 ista

337 3665 348 3702 ι
389 3650 501 3720 fragm.
522 3647 560 3710 V,
582 3651 609 3710 8.
638 3653 691 3706 cn.
716 3655 816 3724 Virg.
841 3657 916 3706 Inte.
934 3651 978 3704 ed.
1001 3655 1081 3705 Maio
1107 3669 1136 3718 p.
1152 3651 1197 3708 58.
1230 3647 1307 3720 Quo·

301 3747 384 3800 modo
401 3747 466 3798 haec
487 3744 576 3799 Marus
597 3747 748 3802 Lacinio
766 3748 873 3801 cuidam
892 3749 1043 3812 tribuerit,
1062 3765 1117 3800 non
1135 3747 1226 3800 video.

337 3863 353 3897 2
389 3847 692 3916 Xenoplt.d1em.i.
714 3861 794 3916 t,9.

337 3942 354 3992 5
390 3943 489 3997 Isact.
509 3944 669 3998 Inrt.Dir.
692 3943 718 4008 Ι,
739 3961 783 4003 22,
805 3945 844 3996 15.
878 3943 1151 4012 Bpit.ttd1’erttad.
1171 3941 1260 4004 υμί.

336 4040 352 4092 4
390 4037 458 4104 sup.
477 4041 565 4105 Μή.
