2894 4986
757 298 799 360 26

281 478 439 545 arbitratu
470 495 528 542 auc
550 475 709 542 Liciniam
734 473 990 558 perferentium,
1008 476 1223 540 immoderata
1240 473 1283 538 li-

281 597 396 672 centia,
418 595 475 681 qui
488 595 693 660 obliteratam
717 593 917 668 instaurare,
941 613 1007 658 non
1026 613 1145 658 novam
1168 613 1285 680 rogare

282 726 498 780 censerentur.

326 830 439 899 Altera
466 831 633 896 difficulter
661 831 741 894 haec
771 842 827 894 eet.
874 827 1062 894 Mirandum
1091 829 1202 904 enim,
1226 849 1288 894 cur

283 963 351 1016 tum
382 969 455 1016 aero
479 972 500 1014 a
530 947 676 1012 Duronio
709 949 761 1012 lex
792 947 901 1011 Didia·
918 946 1074 1033 abrogata
1096 947 1157 1025 ait,
1180 967 1310 1031 quum-

283 1082 381 1134 texet
405 1066 622 1153 quadraginta
640 1064 730 1130 annis
749 1077 824 1131 ante
835 1067 935 1130 latam
948 1087 1012 1130 erae
1025 1077 1159 1131 constet.
1186 1047 1285 1149 Quod

285 1199 323 1251 ut
344 1186 541 1268 explicetur,
564 1181 704 1268 Appiani
727 1186 836 1248 locum
857 1185 980 1248 referre
997 1186 1113 1266 placet.
1158 1181 1189 1248 le
1211 1205 1289 1247 nar·

285 1316 337 1367 rat
355 1303 489 1386 antiqua
507 1304 577 1388 lege
590 1345 600 1378 ,
615 1303 746 1367 fortasse
770 1300 937 1377 Genucia,
960 1301 1098 1366 vetitum
1130 1301 1224 1365 fuisse
1245 1321 1288 1364 ne

285 1416 422 1504 pecunia
438 1420 471 1482 in
491 1440 623 1483 usuram
645 1431 764 1483 mutuo
788 1421 942 1494 daretur,
966 1389 1144 1503 eidemque
1161 1418 1196 1482 in
1216 1421 1290 1482 sce-

283 1551 443 1602 neratcree
463 1557 602 1620 poenam
621 1536 840 1602 constitutam.
863 1536 912 1602 Ea
931 1539 1003 1624 lege
1021 1535 1174 1601 oblivioni
1192 1557 1288 1601 man·

284 1657 381 1731 data,
414 1676 520 1739 quum
549 1654 760 1720 creditoribus
785 1675 896 1720 usurae
919 1653 1138 1742 flagitantibus
1158 1655 1290 1720 debito·

284 1793 353 1850 ree,
366 1772 443 1859 legis
465 1771 656 1837 auctoritate
668 1770 734 1848 uei,
746 1784 925 1858 negarent,
948 1786 1078 1856 praetor
1092 1770 1210 1838 Arellio
1220 1771 1290 1837 dii·

286 1892 488 1966 ficultatem,
520 1910 604 1974 quae
632 1910 672 1954 ex
699 1910 811 1976 pugna
845 1892 952 1978 legem
984 1889 1069 1954 inter
1096 1903 1129 1954 et
1159 1909 1289 1954 morem

285 2007 466 2084 obtinebat,
499 2009 540 2072 ad
572 2007 695 2092 judicer
725 2007 837 2092 rejecit
848 2007 875 2073 ¹.
921 2007 1118 2095 intelligitur
1134 2007 1228 2074 facile
1249 2028 1292 2072 ex

285 2130 347 2194 boc
368 2129 517 2211 exemplo
537 2127 609 2192 lieri
629 2127 845 2206 consuevisse,
857 2141 896 2192 ut
910 2131 961 2192 lex
973 2173 982 2204 ,
995 2150 1078 2213 quae
1092 2125 1292 2214 negligenti&

285 2245 536 2332 magistratuum
553 2244 723 2328 jacuisset,
740 2245 848 2310 denuo
867 2245 1086 2311 invalesceret.
1121 2241 1185 2312 Sed
1196 2245 1287 2331 quod

286 2362 342 2428 hie
361 2365 402 2427 de
421 2365 492 2448 lege
516 2361 661 2427 foenebri
682 2374 903 2428 memoratum
928 2363 1095 2440 videmur,
1121 2376 1180 2440 ut,
1197 2376 1293 2446 poet-

287 2502 387 2566 quam
400 2501 439 2544 ex
464 2500 523 2544 neu
539 2479 733 2557 receeeieret,
757 2480 964 2546 induceretur
987 2503 1118 2558 ruraua,
1140 2483 1174 2546 id
1186 2482 1296 2546 multo

289 2597 411 2663 saciliue
430 2598 465 2663 in
484 2598 608 2684 legibue
623 2598 810 2663 cumtuariie
832 2599 1019 2664 usuvenire
1040 2611 1179 2685 poterat.
1211 2597 1297 2664 Ete-

289 2718 360 2782 nim
399 2737 564 2791 ccneorea,
599 2717 656 2801 qui
690 2738 824 2784 morum
852 2691 1053 2800 disciplinam
1087 2717 1170 2784 tueri
1196 2729 1228 2782 et
1257 2737 1296 2782 a·

289 2835 525 2900 nimadrertere
548 2833 583 2897 in
607 2833 776 2920 flagitiosos
796 2847 830 2898 et
839 2834 1016 2900 luxuriosos
1024 2835 1107 2900 cirea
1119 2833 1293 2910 debebant,

289 2955 396 3041 legem
438 2952 587 3017 nondum
626 2951 851 3039 antiquatam,
898 2953 925 3017 ei
958 2973 1083 3019 neceeee
1114 2954 1296 3026 ducerent,

290 3071 504 3148 adhibebant,
524 3070 647 3136 etiamsi
667 3071 869 3135 decessorum
889 3070 1015 3136 incurii
1037 3071 1072 3135 in
1095 3069 1297 3136 oblivionem

291 3189 428 3255 abiiaaet.
474 3189 542 3256 Lex
564 3189 665 3277 iffl'tur
692 3188 804 3265 Didia,
838 3201 987 3274 ternpore
1010 3209 1219 3265 evaneeccne,
1243 3187 1298 3253 vi-

292 3309 389 3374 detur
418 3328 440 3374 a
468 3307 651 3374 ceruoribue
682 3305 729 3374 M.
753 3307 898 3375 Antonio
918 3321 951 3373 et
977 3306 1016 3376 L.
1038 3306 1156 3375 Flacco
1184 3309 1295 3374 denuo

293 3425 330 3492 in
357 3426 552 3492 memoriam
575 3440 608 3494 et
636 3447 732 3494 usum
757 3440 907 3493 revocata
934 3447 1020 3503 ecre,
1043 3447 1149 3511 quum
1170 3425 1299 3490 immo-

294 3545 397 3612 derati
415 3558 449 3612 et
457 3543 617 3632 illegitimi
634 3545 859 3614 conviviorum
881 3543 1190 3612 eumtueneceararic
1200 3548 1299 3610 codr-

331 3852 344 3890 ι
380 3835 468 3904 App.
501 3835 545 3886 De
571 3833 655 3887 bello·
671 3835 723 3886 civ.
752 3834 777 3897 l,
803 3832 848 3886 tt.
864 3832 927 3885 Non
944 3833 1065 3887 narravit
1081 3829 1211 3902 quidem,
1228 3847 1298 3900 quae

297 3931 427 3984 sententie
445 3946 458 3980 a
475 3929 612 4000 judicibus
630 3929 682 3982 lata
700 3932 753 3994 rit,
782 3930 829 3983 red
855 3937 931 3999 patet
952 3929 1037 3994 inde,
1066 3947 1124 3983 rem
1151 3927 1218 3983 adeo
1245 3944 1280 3982 an

296 4030 407 4099 cipitern
427 4026 548 4081 l’rretcri
566 4027 648 4084 viarm
661 4061 670 4095 ,
684 4034 713 4082 ut
728 4027 861 4099 judiciam
878 4045 893 4081 a
910 4046 939 4083 rc
956 4045 1077 4084 amouere
1093 4025 1230 4082 munatii.
