2894 4986
649 384 689 446 19

159 575 298 628 autore
330 565 381 627 eit
410 561 523 627 editus
534 559 561 627 ¹.
605 559 838 627 Difficillimum
858 574 923 638 est,
944 583 1073 629 caluam
1097 561 1160 628 tri-

160 681 298 766 partitae
330 679 562 746 distributionis
588 679 743 746 invenire.
796 677 831 745 si
848 679 1038 764 bipartitam
1060 680 1162 748 dixis-

161 813 208 864 set
243 797 484 885 Hieronymus,
522 799 659 864 alteram
683 798 992 864 commemoratione
1012 812 1160 872 ¹veterum

161 929 347 994 oratorum,
389 919 525 982 alteram
562 937 600 982 ea
633 930 726 1001 perte
759 915 933 982 constitisse
968 917 1162 1004 intelligere·

162 1057 253 1113 mus,
302 1057 367 1121 qua
407 1059 472 1102 suu
505 1037 637 1112 initia,
676 1057 756 1100 euos
781 1033 941 1124 gradus,
972 1057 1054 1104 essue
1095 1034 1162 1101 elo·

162 1155 324 1240 pamiae
358 1153 451 1218 velut
492 1151 667 1242 quandum
714 1150 946 1218 edocuissem
990 1152 1103 1218 retulit
1133 1152 1161 1219 ².

162 1271 275 1349 Nunc,
310 1274 351 1338 ad
391 1273 590 1356 conjecturas
624 1245 754 1356 rejecti,
775 1270 978 1356 suspicamur
1007 1291 1074 1337 non
1094 1271 1163 1336 sine

163 1393 305 1476 quadam
342 1391 409 1456 veri
442 1389 564 1475 specie,
594 1389 738 1474 primam
762 1401 889 1474 purtem
912 1389 1106 1455 continuisse
1126 1412 1165 1455 ea

164 1509 280 1594 capita,
305 1509 424 1595 quibus
449 1521 590 1574 oratores
612 1505 729 1574 Graeci
746 1519 779 1572 et
791 1506 984 1574 Latinorum
996 1520 1164 1574 oratorum

164 1639 327 1714 quotquot
358 1647 462 1712 usque
489 1628 531 1691 ad
554 1623 687 1692 Antonii
710 1637 743 1690 et
766 1622 870 1691 Crassi
893 1637 1031 1692 aetatem
1046 1626 1165 1692 llorue-

164 1761 257 1824 runt,
278 1747 600 1830 comprehenduntur
623 1743 665 1833 (c.
682 1739 816 1829 1-36).
852 1743 955 1810 Alteri
967 1764 1062 1822 vero,
1081 1766 1165 1831 quae

164 1868 437 1949 complecteretur
461 1884 576 1929 eorum
608 1863 823 1940 memoriam,
840 1863 898 1948 qui
916 1883 1009 1928 suam
1025 1875 1164 1929 aetatem

164 1981 401 2067 praecessissent
424 1983 467 2070 (c.
491 1977 656 2068 37-70),
700 1981 879 2047 succeoeisse
901 1981 1057 2059 tertiam,
1081 2001 1165 2066 quae

166 2101 281 2166 ultima
310 2115 389 2166 esset
422 2123 461 2168 ac
483 2113 664 2166 veneretur
698 2099 732 2163 in
766 2098 940 2164 recolendis
972 2098 1160 2184 aequalium

166 2231 333 2283 oratorum
360 2219 494 2285 meritis.
538 2215 648 2304 Quam
671 2216 764 2283 facile
788 2216 864 2280 binc
886 2235 999 2281 rerum
1020 2215 1164 2281 narratio

165 2337 308 2424 perverti
331 2350 365 2403 et
386 2336 588 2404 commisceri
610 2335 774 2420 potuerit,
796 2335 851 2401 vix
863 2336 1008 2420 estquod
1030 2355 1168 2400 monce·

167 2475 258 2521 mus:
290 2467 399 2520 noster
428 2469 538 2520 autem
566 2455 621 2519 hic
645 2455 734 2522 locus
771 2451 954 2518 testimonio
995 2463 1052 2519 eet.
1085 2449 1167 2517 Mihi

167 2574 300 2658 quidem
328 2573 497 2658 probabile
528 2573 656 2639 ridetur
690 2570 884 2637 aCicerone
910 2567 948 2636 C.
972 2569 1048 2634 Titii
1071 2591 1169 2634 men·

166 2690 289 2756 tionem
320 2711 385 2757 esse
418 2694 557 2769 lactem,
595 2711 702 2776 neque
729 2691 796 2774 ejus
819 2701 974 2765 uatum,
998 2687 1056 2773 qui
1079 2710 1168 2753 nunc

165 2809 297 2896 legitur,
318 2812 374 2876 sed
399 2811 497 2876 etiam
518 2809 658 2875 alterim.
690 2806 893 2874 Memoratur
914 2827 934 2869 a
961 2804 1062 2869 Dione
1086 2802 1168 2870 Cas-

166 2926 214 2992 tio
234 2931 276 2994 sd
298 2949 328 2995 a.
344 2930 410 2994 665
433 2929 502 3019 (89)
533 2933 633 3003 I't'ri'cr
646 2929 772 3006 Τίτιος,
796 2926 875 3009 ἀνὴρ
896 2925 1041 3008 ἀγοραῖος
1064 2925 1116 2986 sal
1133 2925 1167 2988 is

171 3044 378 3132 δικαστηρίω
401 3051 457 3115 τόν
479 3050 550 3136 βίον
572 3049 771 3128 ποιούμενος,
801 3049 841 3127 τῇ
860 3065 892 3107 τε
913 3040 1070 3125 παρῤησίᾳ
1090 3043 1168 3122 μετὰ

172 3165 398 3253 ἀναισχυντίας
421 3173 589 3252 κατοκορεῖ
617 3169 770 3253 χρώμενος
785 3160 814 3226 ³.
866 3157 1074 3224 Manifestum
1099 3170 1167 3236 est,

172 3282 299 3349 diflerre
329 3286 418 3348 hunc
443 3283 570 3348 Titium
598 3280 640 3347 ab
661 3302 718 3356 eo,
739 3277 796 3363 qui
815 3275 960 3342 Ciceroni
978 3277 1128 3342 laudatur
1139 3273 1167 3344 ⁴.

206 3578 216 3614 t
253 3563 353 3635 Praes.
377 3564 408 3615 in
425 3561 492 3614 libb.
509 3561 644 3632 Paralip.
672 3579 700 3629 p.
718 3557 778 3632 7⁵¹·
813 3553 905 3626 Quum
922 3551 1081 3622 Hieronymi
1097 3557 1168 3604 seles

173 3657 241 3710 iutra
261 3675 346 3711 sunus
362 3659 504 3723 ibo-iao,
530 3657 666 3712 lllscrobii
685 3650 889 3724 intrsbpb-le
909 3667 936 3716 p.
956 3645 1009 3701 Cb.
1027 3647 1167 3711 inciderit,

173 3751 217 3807 bic
242 3753 356 3809 sortasse
373 3755 510 3822 exemplar
531 3755 609 3807 Bruti
626 3753 747 3817 babuit,
777 3751 824 3804 ubi
844 3746 983 3801 temeraria
1003 3745 1053 3798 isla
1072 3743 1169 3799 divisio

174 3853 323 3905 obtinebat.

207 3970 223 4004 ι
257 3949 420 4018 (Plinii)
439 3949 522 4005 nial.
539 3951 571 4001 de
589 3953 681 4001 omit.
701 3965 728 4000 c.
746 3945 789 3998 30.

208 4045 224 4096 ὅ
255 4047 369 4118 Fragm.
385 4043 480 4100 cxlv
500 4065 528 4113 p.
546 4047 580 4101 lt
598 4043 650 4098 eu.
667 4041 783 4097 lleirnari
804 4041 847 4107 (p.
865 4039 916 4092 tob
935 4032 1063 4100 Slursii.)

206 4141 225 4195 4
254 4143 420 4210 Meyertl.
430 4141 628 4196 uibilslllrmsl.
642 4144 845 4195 Vesterma
855 4153 898 4186 nn
911 4133 940 4182 tt
961 4129 1075 4186 eundem
1086 4131 1173 4193 putul·

666 4272 720 4332 Ἠ·
