2894 4986
772 375 812 438 46

965 589 1011 604 -··-
1033 554 1160 640 etjam

337 673 512 760 Cosajicere
532 675 569 736 in
595 681 709 734 narcara
733 670 865 736 dietam
884 674 1061 758 praecona*
1084 669 1237 736 colebam

336 787 451 854 Grani
464 791 490 854 ¹.

291 908 349 972 uhi
370 907 507 983 Carrio,
526 910 601 992 jure
618 929 659 972 en
682 907 800 992 injuria
820 907 945 984 nescio,
967 906 1080 974 Granii
1100 911 1202 973 facete
1224 907 1299 972 dic·

289 1040 362 1092 tum
379 1029 419 1092 de
444 1027 581 1114 inglorio
603 1025 705 1093 Crasti
729 1027 897 1092 tribunatu
919 1026 1083 1114 cogitabat
1093 1026 1121 1092 2‘.

335 1142 487 1231 Reliqui,
530 1167 550 1210 a
577 1143 731 1210 Suetonio
757 1144 953 1221 memorati,
989 1165 1103 1210 vereor
1137 1159 1175 1210 ut
1205 1157 1295 1210 recte

290 1263 326 1328 in
347 1262 558 1328 familiarium
589 1274 719 1327 metum
748 1265 951 1328 reserantur.
995 1261 1121 1326 Locum
1153 1263 1221 1346 ejus
1240 1263 1299 1327 de·

288 1381 452 1458 scribam,
477 1401 543 1466 qno
567 1380 767 1446 manifestior
786 1379 828 1445 sit
848 1380 1041 1445 emendandi
1058 1380 1150 1446 ratio.
1175 1379 1299 1448 «Hae-

291 1513 387 1566 tenus
420 1513 531 1565 tamen
561 1499 679 1565 imitati
714 1499 827 1589 (nerui
858 1497 1048 1565 Crateteum
1066 1496 1233 1586 morem),
1258 1511 1297 1564 ut

290 1617 458 1695 cannina,
491 1639 610 1702 param
638 1619 746 1684 adhuc
777 1617 963 1703 divulgata,
986 1621 1037 1683 rel
1061 1620 1295 1684 defunctorum

290 1737 495 1814 amicorum,
514 1738 563 1802 rel
574 1738 599 1802 si
610 1755 753 1821 quoram
766 1737 905 1801 aliarum
920 1736 1129 1820 probassent,
1152 1736 1296 1822 diligen·

290 1857 353 1922 tius
374 1868 606 1932 retractarent,
632 1877 669 1921 ac
693 1857 828 1942 legendo
849 1857 1165 1942 commentandoque
1195 1855 1294 1922 etiam

290 1975 422 2040 caeteris
444 1987 520 2040 nota
550 1977 707 2040 lacerent:
740 1987 778 2038 ut
797 1971 835 2039 G.
856 1971 1046 2038 Octavius
1070 1974 1295 2059 Lampadio

288 2092 399 2160 Naevii
423 2093 582 2160 Punicum
613 2091 813 2170 bellum-3
846 2103 884 2156 ut
902 2105 1012 2176 postea
1040 2089 1084 2178 Q.
1113 2091 1296 2179 Vergoa-

286 2214 393 2298 tejus
415 2212 555 2278 Annales
578 2211 699 2288 Ennii,
722 2231 820 2296 quos,
845 2210 937 2275 certis
960 2209 1093 2289 diebus,
1117 2211 1151 2275 in
1175 2233 1295 2298 magna

288 2330 494 2415 frequentia,
518 2327 775 2413 pronunciabat;
800 2340 838 2393 ut
866 2328 1026 2393 Laelius
1048 2327 1293 2406 Archelaus,

286 2446 533 2532 Vectiasque
558 2446 809 2512 philocomus
842 2445 959 2512 Lucilii
976 2448 1294 2534 satyrasdhmiliarls

286 2567 352 2638 sui:
377 2587 456 2652 quas
473 2565 583 2653 lepbse
599 2585 633 2631 se
648 2566 736 2650 apud
753 2563 951 2631 Archelaum
975 2565 1148 2652 Pompejus
1160 2567 1291 2632 Lenae-

288 2705 348 2764 us,
390 2685 479 2768 apud
512 2682 739 2750 Philocomum
767 2682 916 2751 Valerius
946 2681 1029 2750 Cato
1060 2685 1292 2769 praedicant»

287 2805 461 2872 ammaum
492 2815 540 2868 est
563 2803 693 2882 ridere,
718 2803 877 2869 diversam
897 2803 1056 2868 rationem
1080 2804 1174 2870 fuisse
1198 2823 1295 2870 com·

287 2925 550 2990 mundandorum
578 2921 674 2990 Ennii
704 2921 883 2986 Amulium
907 2934 940 2986 et
963 2921 1078 2986 bacili
1099 2923 1292 2989 satirarm:

286 3043 357 3110 illos
384 3042 472 3108 enim
509 3039 639 3126 publice
668 3039 703 3104 in
734 3059 854 3126 magna
871 3040 1044 3106 hominum
1070 3059 1189 3106 corona
1210 3060 1295 3126 pm-

288 3161 465 3228 nuneiabat
507 3158 746 3245 Vargunteius,
782 3159 838 3224 has
878 3159 1033 3243 privatim
1062 3159 1152 3223 domi
1185 3159 1293 3226 suae³

288 3277 463 3346 Archelaus
486 3277 649 3364 ceterique
671 3276 887 3362 exponebant.
931 3275 1059 3362 Quibus
1081 3277 1186 3344 vero?
1209 3289 1293 3346 num

317 3549 331 3592 ι
373 3537 423 3586 hu
437 3537 472 3584 ci
482 3533 502 3589 l.
524 3535 573 3588 Fr.
595 3533 651 3599 xl,
668 3535 696 3589 6.
713 3533 759 3589 Cl'.
775 3536 884 3607 inest.
904 3547 963 3606 179.

322 3645 338 3684 2
374 3631 489 3682 Emend.
511 3629 535 3692 i,
554 3631 582 3684 4.

320 3729 337 3781 3
372 3725 476 3780 Ennius
507 3734 583 3778 rotet
609 3727 686 3779 domi
705 3727 837 3800 serisque
864 3728 883 3779 i.
903 3745 928 3782 e.
958 3735 989 3782 at
1021 3735 1095 3782 recte
1116 3729 1293 3782 conmonuit

286 3825 341 3879 Fr.
370 3825 422 3876 lli
432 3831 520 3876 tter
559 3822 694 3892 (zeittes.
710 3822 740 3895 f.
763 3824 827 3877 Ate.
853 3825 921 3880 atto
938 3841 974 3878 uo
1000 3823 1059 3894 65)
1085 3823 1158 3878 dona
1181 3835 1293 3880 sancet

283 3919 420 3974 inalieais
434 3919 560 3974 donibus
577 3919 719 3975 docuerat.
755 3920 910 3976 cauma
929 3927 969 3974 Gr
994 3937 1006 3976 ι
1038 3921 1289 3992 Cularonemplnrn

285 4027 375 4074 ιιῑιιιιιι
398 4018 425 4070 hi
443 4016 553 4072 omnino
571 4019 670 4082 secati,
693 4037 725 4072 aa
743 4018 816 4072 domi
837 4027 939 4074 tantam
961 4037 1023 4075 sune
1043 4021 1160 4074 deneardi
1177 4037 1291 4076 ranam

284 4118 371 4170 tranen
396 4117 471 4180 aiat,
495 4132 550 4168 non
569 4123 652 4186 patet.
