2860 4974
593 377 657 439 209

131 560 260 643 injure
289 559 434 620 humana
455 575 493 618 ac
516 553 625 619 divina
650 552 817 637 peccabat.
863 549 1030 616 Habemus
1052 553 1093 614 de
1110 565 1148 614 eo

130 698 238 740 unum
268 674 420 738 omnium
452 672 681 758 pravissimum
706 669 872 737 Ciceronis
896 668 1146 742 testimonium,

130 814 237 878 equa
263 805 372 876 patet,
404 811 506 875 quarn
538 790 683 854 inaudita
714 789 855 853 hominis
874 788 972 852 suerit
991 786 1147 871 nequitia.

118 909 198 976 ssi
235 911 442 985 mehercule,
473 909 614 993 judiees,
649 928 711 991 pro
749 907 787 971 L.
816 905 949 971 Tubulo
979 905 1145 980 dicerem,

130 1051 233 1113 quem
258 1049 363 1092 unum
383 1049 423 1091 ex
445 1027 535 1091 omni
557 1025 718 1090 memoria
740 1025 1022 1090 sceleratissimum
1043 1037 1076 1087 et
1089 1044 1146 1088 au-

130 1144 343 1210 dacissimum
379 1144 474 1208 fuisse
507 1143 710 1226 accepimus,
743 1156 856 1206 tamen
874 1161 942 1206 non
970 1141 1149 1215 timerem,

130 1283 297 1329 venenum
321 1260 441 1346 hospiti
464 1273 521 1326 aut
541 1261 695 1326 convivae
712 1261 736 1324 si
755 1261 918 1325 diceretur
941 1260 1090 1324 coenanti
1105 1255 1147 1322 ab

129 1382 186 1446 illo
207 1383 345 1457 datum,
375 1380 427 1444 cui
457 1399 565 1463 neque
591 1380 683 1444 heres
711 1399 820 1462 neque
841 1379 943 1442 iratus
961 1377 1110 1442 suisset1.
1126 1395 1143 1437 n
1208 1393 1211 1400 ’

131 1495 219 1575 Cui,
255 1498 302 1562 sic
338 1497 402 1561 alio
436 1500 509 1562 loco
543 1496 608 1572 ait,
651 1494 773 1559 Tubuli
810 1517 932 1560 nomen
969 1496 1043 1559 odio
1078 1507 1146 1559 non

130 1613 228 1682 esti²
250 1613 407 1678 Successit
423 1625 534 1678 autem
554 1613 651 1697 hujus
674 1612 758 1678 vitae
779 1614 915 1696 pessime
928 1613 1147 1699 aetaedignus

130 1733 247 1797 exitus.
281 1730 365 1794 Nam
391 1743 527 1814 propter
548 1734 654 1795 multa
670 1732 817 1817 flagitia,
841 1754 946 1816 quum
972 1731 1014 1796 ab
1036 1731 1148 1796 exsilio

126 1853 172 1915 ad
192 1868 322 1915 causam
339 1848 511 1932 dicendam
532 1848 698 1914 arcessitus
723 1863 814 1924 esset,
837 1849 871 1912 id
882 1871 988 1914 unum
999 1864 1148 1914 metuens

131 1987 173 2032 ns
206 1967 242 2030 in
276 1985 405 2030 carcere
442 1979 634 2042 necaretur,
673 1969 779 2031 fertur
803 1989 967 2032 venenum
989 1967 1106 2031 bibisse
1119 1967 1147 2030 3.

131 2083 231 2170 Quod
267 2084 467 2148 documento
501 2095 571 2160 est,
595 2083 811 2167 pertinaciam
845 2085 959 2162 animi,
992 2107 1075 2169 quae
1107 2086 1148 2148 ad

15 2207 17 2214 ⁴
130 2202 353 2287 perpetranda
382 2197 528 2264 facinora
564 2200 686 2265 invicta
718 2201 848 2278 suisset,
879 2203 993 2268 mortis
1026 2223 1150 2287 appro-

131 2319 350 2406 pinquatione
376 2319 516 2382 fractam
535 2317 682 2404 jacuisse.

178 2548 371 2621 Eorundem
413 2555 574 2622 'scelerum
605 2558 757 2624 societate
788 2579 901 2642 parem
942 2559 979 2623 L.
1018 2559 1150 2622 Tubulo

131 2695 165 2738 se
189 2673 268 2738 tulit
289 2672 328 2739 C.
355 2673 547 2758 Papirius
570 2672 712 2740 Carbo.
758 2676 866 2740 Dousa
889 2675 1006 2740 dubius
1032 2677 1150 2752 haesit,

130 2811 236 2877 quem
258 2813 296 2856 ex
310 2789 515 2857 Carbonibus
535 2791 691 2879 tetigisset
711 2799 818 2877 poeta,
838 2813 944 2878 quum
958 2791 1148 2858 Cicerotres

131 2911 249 2973 fratres
278 2909 427 2972 onmium
449 2909 710 2992 improbissimos
731 2932 769 2976 eo
793 2912 927 2974 nomine
949 2911 1148 2975 recensuerit

132 3027 183 3092 his
217 3025 340 3091 verbis:
380 3025 635 3113 «Cognovimus
669 3026 732 3093 Cn.
769 3025 981 3105 Carbonem,
1018 3041 1051 3092 et
1077 3031 1146 3112 ejus

131 3145 270 3208 fratrem
292 3165 453 3210 scurram.
490 3142 579 3229 Quid
604 3145 654 3210 his
672 3145 883 3230 improbius?
917 3147 966 3210 De
985 3148 1046 3210 hoc
1064 3147 1146 3211 ami-

130 3283 172 3326 co
197 3283 283 3339 meo,
304 3262 450 3327 Rubriae
471 3263 551 3340 filio,
574 3263 655 3327 nihil
676 3265 760 3330 dico.
785 3263 924 3328 Tresilli
939 3267 1057 3332 fratres
1070 3268 1146 3330 sne-

129 3401 192 3455 re,
217 3378 256 3446 C.
282 3379 343 3446 Cn.
369 3378 414 3445 M.
439 3379 617 3446 Carbones.
646 3379 775 3446 Marcus
788 3381 821 3446 Ρ.
839 3381 958 3446 Flacco
969 3397 1142 3448 accusante

131 3500 388 3573 condemnatus,
414 3501 469 3562 sur
482 3518 620 3584 magnus
633 3520 672 3562 ex
686 3496 803 3564 Sicilia.
837 3498 954 3584 Cajua,
975 3511 1146 3566 accusante

130 3614 171 3680 L.
199 3613 339 3695 Crasso,
363 3615 567 3681 cantharidas
585 3616 732 3682 sumsisse
753 3616 883 3684 dicitur.
932 3617 962 3682 Is
983 3632 1017 3683 et
1042 3619 1147 3682 tribu-

127 3753 193 3798 nus
216 3733 318 3816 plebis
338 3734 505 3798 seditiosus
526 3747 559 3798 et
579 3733 614 3798 P.
640 3735 795 3800 Africano
815 3735 882 3800 vim
903 3735 1046 3800 attulisse
1065 3737 1145 3800 exis·

168 3968 181 4007 1
217 3958 276 4007 Pro
297 3959 405 4008 Secreto
425 3974 451 4021 t,
470 3958 497 4008 5.

168 4075 185 4108 a
221 4055 265 4108 De
284 4057 347 4106 Fin.
369 4055 407 4121 V,
427 4071 471 4122 aa,
493 4056 536 4108 62.

166 4150 185 4204 5
221 4151 306 4214 Aac.
327 4153 447 4208 Pasa.
469 4153 507 4204 ad
526 4154 581 4206 cic.
598 4171 627 4222 p.
650 4153 756 4204 Scauro
774 4168 802 4217 p·
821 4151 864 4208 23.

629 4253 669 4314 14
