<?xml version="1.0" encoding="UTF-8"?>
<!DOCTYPE html PUBLIC "-//W3C//DTD XHTML 1.0 Transitional//EN"
    "http://www.w3.org/TR/xhtml1/DTD/xhtml1-transitional.dtd">
<html xmlns="http://www.w3.org/1999/xhtml" xml:lang="en" lang="en">
 <head>
  <title>
</title>
<meta http-equiv="Content-Type" content="text/html;charset=utf-8" />
  <meta name='ocr-system' content='tesseract 3.04.00' />
  <meta name='ocr-capabilities' content='ocr_page ocr_carea ocr_par ocr_line ocrx_word'/>
</head>
<body>
  <div class='ocr_page' id='page_1' title='image "./studiacriticain01heusgoog_0011.png"; bbox 0 0 2894 4986; ppageno 0'>
   <div class='ocr_carea' id='block_1_1' title="bbox 737 392 755 452">
    <p class='ocr_par' dir='ltr' id='par_1_1' title="bbox 737 392 755 452">
     <span class='ocr_line' id='line_1_1' title="bbox 737 392 755 452; baseline 0 0"><span class='ocrx_word' id='word_1_1' title='bbox 737 392 755 452; x_wconf 85' lang='grc'>2</span> 
     </span>
    </p>
   </div>
   <div class='ocr_carea' id='block_1_2' title="bbox 245 595 1251 2162">
    <p class='ocr_par' dir='ltr' id='par_1_2' title="bbox 246 595 1249 1569">
     <span class='ocr_line' id='line_1_2' title="bbox 246 595 1246 685; baseline 0.004 -21"><span class='ocrx_word' id='word_1_2' title='bbox 246 595 427 664; x_wconf 81' lang='lat' dir='ltr'><strong>floruerunt</strong></span> <span class='ocrx_word' id='word_1_3' title='bbox 455 597 564 663; x_wconf 79' lang='lat' dir='ltr'><strong>aetatis</strong></span> <span class='ocrx_word' id='word_1_4' title='bbox 596 599 685 684; x_wconf 82' lang='lat' dir='ltr'><strong>quari</strong></span> <span class='ocrx_word' id='word_1_5' title='bbox 708 597 819 684; x_wconf 76' lang='lat' dir='ltr'><strong>imago</strong></span> <span class='ocrx_word' id='word_1_6' title='bbox 844 599 1005 684; x_wconf 80' lang='lat' dir='ltr'><strong>quaedam</strong></span> <span class='ocrx_word' id='word_1_7' title='bbox 1029 610 1161 685; x_wconf 87' lang='lat' dir='ltr'><strong>pateat,</strong></span> <span class='ocrx_word' id='word_1_8' title='bbox 1183 600 1246 668; x_wconf 83' lang='lat' dir='ltr'><strong>auia</strong></span> 
     </span>
     <span class='ocr_line' id='line_1_3' title="bbox 247 747 1246 840; baseline 0.003 -24"><span class='ocrx_word' id='word_1_9' title='bbox 247 763 305 816; x_wconf 84' lang='lat' dir='ltr'><strong>aut</strong></span> <span class='ocrx_word' id='word_1_10' title='bbox 337 749 420 815; x_wconf 81' lang='lat' dir='ltr'><strong>ritiia</strong></span> <span class='ocrx_word' id='word_1_11' title='bbox 453 747 583 836; x_wconf 70' lang='lat' dir='ltr'><strong>insignia</strong></span> <span class='ocrx_word' id='word_1_12' title='bbox 612 761 669 814; x_wconf 90' lang='lat' dir='ltr'><strong>aut</strong></span> <span class='ocrx_word' id='word_1_13' title='bbox 703 748 874 832; x_wconf 75' lang='lat' dir='ltr'><strong>conspicua</strong></span> <span class='ocrx_word' id='word_1_14' title='bbox 904 750 1090 818; x_wconf 79' lang='lat' dir='ltr'><strong>virtutibus.</strong></span> <span class='ocrx_word' id='word_1_15' title='bbox 1138 747 1246 840; x_wconf 83' lang='lat' dir='ltr'><strong>Atque</strong></span> 
     </span>
     <span class='ocr_line' id='line_1_4' title="bbox 248 895 1248 980; baseline 0.004 -18"><span class='ocrx_word' id='word_1_16' title='bbox 248 897 347 963; x_wconf 86' lang='lat' dir='ltr'><strong>etiam</strong></span> <span class='ocrx_word' id='word_1_17' title='bbox 381 897 421 960; x_wconf 89' lang='lat' dir='ltr'><strong>fit</strong></span> <span class='ocrx_word' id='word_1_18' title='bbox 445 914 697 980; x_wconf 73' lang='lat' dir='ltr'><strong>saepenumero,</strong></span> <span class='ocrx_word' id='word_1_19' title='bbox 731 907 791 973; x_wconf 90' lang='lat' dir='ltr'><strong>ut,</strong></span> <span class='ocrx_word' id='word_1_20' title='bbox 813 895 839 961; x_wconf 83' lang='lat' dir='ltr'><strong>ai</strong></span> <span class='ocrx_word' id='word_1_21' title='bbox 863 897 917 962; x_wconf 87' lang='lat' dir='ltr'><strong>hic</strong></span> <span class='ocrx_word' id='word_1_22' title='bbox 949 909 1057 964; x_wconf 81' lang='lat' dir='ltr'><strong>tantm</strong></span> <span class='ocrx_word' id='word_1_23' title='bbox 1081 913 1248 966; x_wconf 84' lang='lat' dir='ltr'><strong>accuratae</strong></span> 
     </span>
     <span class='ocr_line' id='line_1_5' title="bbox 248 1041 1247 1132; baseline 0.004 -24"><span class='ocrx_word' id='word_1_24' title='bbox 248 1043 412 1108; x_wconf 88' lang='lat' dir='ltr'><strong>doctrinae</strong></span> <span class='ocrx_word' id='word_1_25' title='bbox 435 1055 468 1106; x_wconf 85' lang='lat' dir='ltr'><strong>et</strong></span> <span class='ocrx_word' id='word_1_26' title='bbox 486 1041 568 1108; x_wconf 84' lang='lat' dir='ltr'><strong>acris</strong></span> <span class='ocrx_word' id='word_1_27' title='bbox 588 1042 798 1130; x_wconf 74' lang='lat' dir='ltr'><strong>indagationis</strong></span> <span class='ocrx_word' id='word_1_28' title='bbox 821 1046 946 1109; x_wconf 80' lang='lat' dir='ltr'><strong>fructur</strong></span> <span class='ocrx_word' id='word_1_29' title='bbox 957 1059 1112 1132; x_wconf 63' lang='lat' dir='ltr'><strong>nepetam,</strong></span> <span class='ocrx_word' id='word_1_30' title='bbox 1136 1059 1247 1112; x_wconf 83' lang='lat' dir='ltr'><strong>tamen</strong></span> 
     </span>
     <span class='ocr_line' id='line_1_6' title="bbox 248 1189 1249 1282; baseline 0.003 -26"><span class='ocrx_word' id='word_1_31' title='bbox 248 1190 380 1277; x_wconf 87' lang='lat' dir='ltr'><strong>aliquod</strong></span> <span class='ocrx_word' id='word_1_32' title='bbox 416 1189 457 1255; x_wconf 84' lang='lat' dir='ltr'><strong>ait</strong></span> <span class='ocrx_word' id='word_1_33' title='bbox 488 1210 603 1274; x_wconf 87' lang='lat' dir='ltr'><strong>operae</strong></span> <span class='ocrx_word' id='word_1_34' title='bbox 627 1190 770 1273; x_wconf 90' lang='lat' dir='ltr'><strong>pretium</strong></span> <span class='ocrx_word' id='word_1_35' title='bbox 802 1203 905 1277; x_wconf 88' lang='lat' dir='ltr'><strong>utque</strong></span> <span class='ocrx_word' id='word_1_36' title='bbox 933 1194 1111 1278; x_wconf 86' lang='lat' dir='ltr'><strong>conjunctis</strong></span> <span class='ocrx_word' id='word_1_37' title='bbox 1146 1215 1249 1282; x_wconf 78' lang='lat' dir='ltr'><strong>argu·</strong></span> 
     </span>
     <span class='ocr_line' id='line_1_7' title="bbox 248 1337 1249 1422; baseline 0.004 -20"><span class='ocrx_word' id='word_1_38' title='bbox 248 1337 365 1402; x_wconf 83' lang='lat' dir='ltr'><strong>mentia</strong></span> <span class='ocrx_word' id='word_1_39' title='bbox 404 1357 443 1402; x_wconf 83' lang='lat' dir='ltr'><strong>ex</strong></span> <span class='ocrx_word' id='word_1_40' title='bbox 476 1339 586 1402; x_wconf 80' lang='lat' dir='ltr'><strong>sedula</strong></span> <span class='ocrx_word' id='word_1_41' title='bbox 615 1359 728 1402; x_wconf 85' lang='lat' dir='ltr'><strong>rerum</strong></span> <span class='ocrx_word' id='word_1_42' title='bbox 758 1338 977 1422; x_wconf 83' lang='lat' dir='ltr'><strong>exploratione</strong></span> <span class='ocrx_word' id='word_1_43' title='bbox 995 1360 1079 1406; x_wconf 84' lang='lat' dir='ltr'><strong>nova</strong></span> <span class='ocrx_word' id='word_1_44' title='bbox 1099 1353 1132 1408; x_wconf 86' lang='lat' dir='ltr'><strong>et</strong></span> <span class='ocrx_word' id='word_1_45' title='bbox 1154 1340 1249 1406; x_wconf 82' lang='lat' dir='ltr'><strong>inex-</strong></span> 
     </span>
     <span class='ocr_line' id='line_1_8' title="bbox 246 1486 690 1569; baseline 0 -18"><span class='ocrx_word' id='word_1_46' title='bbox 246 1494 392 1569; x_wconf 73' lang='lat' dir='ltr'><strong>spectata</strong></span> <span class='ocrx_word' id='word_1_47' title='bbox 412 1487 470 1550; x_wconf 86' lang='lat' dir='ltr'><strong>lux</strong></span> <span class='ocrx_word' id='word_1_48' title='bbox 492 1486 690 1551; x_wconf 79' lang='lat' dir='ltr'><strong>effundatur.</strong></span> 
     </span>
    </p>

    <p class='ocr_par' dir='ltr' id='par_1_3' title="bbox 245 1629 1251 2162">
     <span class='ocr_line' id='line_1_9' title="bbox 292 1629 1249 1722; baseline 0 -23"><span class='ocrx_word' id='word_1_49' title='bbox 292 1629 355 1699; x_wconf 90' lang='lat' dir='ltr'><strong>Sed</strong></span> <span class='ocrx_word' id='word_1_50' title='bbox 383 1645 421 1698; x_wconf 92' lang='lat' dir='ltr'><strong>ut</strong></span> <span class='ocrx_word' id='word_1_51' title='bbox 447 1634 511 1698; x_wconf 91' lang='lat' dir='ltr'><strong>hoc</strong></span> <span class='ocrx_word' id='word_1_52' title='bbox 531 1631 654 1718; x_wconf 85' lang='lat' dir='ltr'><strong>judicio</strong></span> <span class='ocrx_word' id='word_1_53' title='bbox 667 1631 806 1697; x_wconf 78' lang='lat' dir='ltr'><strong>universi</strong></span> <span class='ocrx_word' id='word_1_54' title='bbox 823 1635 1167 1717; x_wconf 85' lang='lat' dir='ltr'><strong>comprehenduntur,</strong></span> <span class='ocrx_word' id='word_1_55' title='bbox 1190 1637 1249 1722; x_wconf 88' lang='lat' dir='ltr'><strong>qui</strong></span> 
     </span>
     <span class='ocr_line' id='line_1_10' title="bbox 246 1780 1251 1868; baseline 0.003 -22"><span class='ocrx_word' id='word_1_56' title='bbox 246 1780 435 1866; x_wconf 74' lang='lat' dir='ltr'><strong>aequalibus</strong></span> <span class='ocrx_word' id='word_1_57' title='bbox 456 1801 569 1846; x_wconf 92' lang='lat' dir='ltr'><strong>rerum</strong></span> <span class='ocrx_word' id='word_1_58' title='bbox 594 1788 653 1846; x_wconf 84' lang='lat' dir='ltr'><strong>aut</strong></span> <span class='ocrx_word' id='word_1_59' title='bbox 685 1793 851 1868; x_wconf 76' lang='lat' dir='ltr'><strong>gestarum</strong></span> <span class='ocrx_word' id='word_1_60' title='bbox 884 1794 941 1847; x_wconf 88' lang='lat' dir='ltr'><strong>aut</strong></span> <span class='ocrx_word' id='word_1_61' title='bbox 963 1782 1169 1848; x_wconf 84' lang='lat' dir='ltr'><strong>inventarum</strong></span> <span class='ocrx_word' id='word_1_62' title='bbox 1187 1795 1251 1849; x_wconf 84' lang='lat' dir='ltr'><strong>aut</strong></span> 
     </span>
     <span class='ocr_line' id='line_1_11' title="bbox 246 1929 1246 2016; baseline 0.002 -22"><span class='ocrx_word' id='word_1_63' title='bbox 246 1931 451 1994; x_wconf 84' lang='lat' dir='ltr'><strong>excultarum</strong></span> <span class='ocrx_word' id='word_1_64' title='bbox 490 1929 592 2016; x_wconf 76' lang='lat' dir='ltr'><strong>gloria</strong></span> <span class='ocrx_word' id='word_1_65' title='bbox 630 1930 874 2006; x_wconf 80' lang='lat' dir='ltr'><strong>excelluerunt,</strong></span> <span class='ocrx_word' id='word_1_66' title='bbox 917 1942 1028 1994; x_wconf 84' lang='lat' dir='ltr'><strong>tamon</strong></span> <span class='ocrx_word' id='word_1_67' title='bbox 1060 1933 1148 1996; x_wconf 91' lang='lat' dir='ltr'><strong>haud</strong></span> <span class='ocrx_word' id='word_1_68' title='bbox 1179 1931 1246 1996; x_wconf 83' lang='lat' dir='ltr'><strong>acio</strong></span> 
     </span>
     <span class='ocr_line' id='line_1_12' title="bbox 245 2073 1245 2162; baseline -0.001 -22"><span class='ocrx_word' id='word_1_69' title='bbox 245 2097 289 2140; x_wconf 87' lang='lat' dir='ltr'><strong>an</strong></span> <span class='ocrx_word' id='word_1_70' title='bbox 309 2076 501 2161; x_wconf 74' lang='lat' dir='ltr'><strong>praecipuus</strong></span> <span class='ocrx_word' id='word_1_71' title='bbox 526 2075 662 2160; x_wconf 90' lang='lat' dir='ltr'><strong>quidam</strong></span> <span class='ocrx_word' id='word_1_72' title='bbox 680 2076 768 2140; x_wconf 80' lang='lat' dir='ltr'><strong>locut</strong></span> <span class='ocrx_word' id='word_1_73' title='bbox 784 2074 822 2138; x_wconf 85' lang='lat' dir='ltr'><strong>iis</strong></span> <span class='ocrx_word' id='word_1_74' title='bbox 840 2073 882 2139; x_wconf 84' lang='lat' dir='ltr'><strong>tit</strong></span> <span class='ocrx_word' id='word_1_75' title='bbox 897 2074 1106 2153; x_wconf 76' lang='lat' dir='ltr'><strong>tribuendus,</strong></span> <span class='ocrx_word' id='word_1_76' title='bbox 1131 2075 1188 2162; x_wconf 93' lang='lat' dir='ltr'><strong>qui</strong></span> <span class='ocrx_word' id='word_1_77' title='bbox 1210 2076 1245 2139; x_wconf 95' lang='lat' dir='ltr'><strong>in</strong></span> 
     </span>
    </p>
   </div>
   <div class='ocr_carea' id='block_1_3' title="bbox 244 2219 1249 2307">
    <p class='ocr_par' dir='ltr' id='par_1_4' title="bbox 244 2219 1249 2307">
     <span class='ocr_line' id='line_1_13' title="bbox 244 2219 1249 2307; baseline 0 -21"><span class='ocrx_word' id='word_1_78' title='bbox 244 2221 356 2307; x_wconf 82' lang='lat' dir='ltr'><strong>aliquo</strong></span> <span class='ocrx_word' id='word_1_79' title='bbox 384 2221 462 2286; x_wconf 79' lang='lat' dir='ltr'><strong>artis</strong></span> <span class='ocrx_word' id='word_1_80' title='bbox 489 2219 694 2284; x_wconf 87' lang='lat' dir='ltr'><strong>doetrinaeve</strong></span> <span class='ocrx_word' id='word_1_81' title='bbox 724 2239 841 2307; x_wconf 78' lang='lat' dir='ltr'><strong>genere</strong></span> <span class='ocrx_word' id='word_1_82' title='bbox 867 2221 1036 2284; x_wconf 83' lang='lat' dir='ltr'><strong>tractando</strong></span> <span class='ocrx_word' id='word_1_83' title='bbox 1058 2220 1145 2284; x_wconf 83' lang='lat' dir='ltr'><strong>viam</strong></span> <span class='ocrx_word' id='word_1_84' title='bbox 1174 2240 1249 2304; x_wconf 83' lang='lat' dir='ltr'><strong>poo-</strong></span> 
     </span>
    </p>
   </div>
   <div class='ocr_carea' id='block_1_4' title="bbox 247 2364 1247 2459">
    <p class='ocr_par' dir='ltr' id='par_1_5' title="bbox 247 2364 1247 2459">
     <span class='ocr_line' id='line_1_14' title="bbox 247 2364 1247 2459; baseline 0 -26"><span class='ocrx_word' id='word_1_85' title='bbox 247 2367 323 2434; x_wconf 83' lang='lat' dir='ltr'><strong>teria</strong></span> <span class='ocrx_word' id='word_1_86' title='bbox 354 2381 387 2432; x_wconf 89' lang='lat' dir='ltr'><strong>et</strong></span> <span class='ocrx_word' id='word_1_87' title='bbox 409 2365 591 2444; x_wconf 87' lang='lat' dir='ltr'><strong>rationem,</strong></span> <span class='ocrx_word' id='word_1_88' title='bbox 615 2386 716 2450; x_wconf 89' lang='lat' dir='ltr'><strong>quam</strong></span> <span class='ocrx_word' id='word_1_89' title='bbox 739 2364 773 2459; x_wconf 84' lang='lat' dir='ltr'><strong>in</strong></span> <span class='ocrx_word' id='word_1_90' title='bbox 796 2367 911 2430; x_wconf 85' lang='lat' dir='ltr'><strong>eodem</strong></span> <span class='ocrx_word' id='word_1_91' title='bbox 934 2365 1035 2430; x_wconf 79' lang='lat' dir='ltr'><strong>stadio</strong></span> <span class='ocrx_word' id='word_1_92' title='bbox 1057 2379 1247 2445; x_wconf 85' lang='lat' dir='ltr'><strong>tuerentur,</strong></span> 
     </span>
    </p>
   </div>
   <div class='ocr_carea' id='block_1_5' title="bbox 242 2511 1249 4074">
    <p class='ocr_par' dir='ltr' id='par_1_6' title="bbox 242 2511 1249 4074">
     <span class='ocr_line' id='line_1_15' title="bbox 245 2511 1249 2598; baseline 0.001 -19"><span class='ocrx_word' id='word_1_93' title='bbox 245 2514 464 2580; x_wconf 72' lang='lat' dir='ltr'><strong>ostenderunt.</strong></span> <span class='ocrx_word' id='word_1_94' title='bbox 508 2511 659 2598; x_wconf 89' lang='lat' dir='ltr'><strong>Quorum</strong></span> <span class='ocrx_word' id='word_1_95' title='bbox 693 2512 821 2577; x_wconf 83' lang='lat' dir='ltr'><strong>utinam</strong></span> <span class='ocrx_word' id='word_1_96' title='bbox 851 2514 1001 2578; x_wconf 89' lang='lat' dir='ltr'><strong>omnium</strong></span> <span class='ocrx_word' id='word_1_97' title='bbox 1023 2515 1090 2580; x_wconf 88' lang='lat' dir='ltr'><strong>fida</strong></span> <span class='ocrx_word' id='word_1_98' title='bbox 1111 2529 1145 2579; x_wconf 87' lang='lat' dir='ltr'><strong>et</strong></span> <span class='ocrx_word' id='word_1_99' title='bbox 1166 2515 1249 2580; x_wconf 90' lang='lat' dir='ltr'><strong>inte·</strong></span> 
     </span>
     <span class='ocr_line' id='line_1_16' title="bbox 244 2659 1245 2750; baseline 0.001 -23"><span class='ocrx_word' id='word_1_100' title='bbox 244 2681 305 2750; x_wconf 69' lang='lat' dir='ltr'><strong>gra</strong></span> <span class='ocrx_word' id='word_1_101' title='bbox 339 2663 381 2726; x_wconf 90' lang='lat' dir='ltr'><strong>ad</strong></span> <span class='ocrx_word' id='word_1_102' title='bbox 412 2681 469 2726; x_wconf 81' lang='lat' dir='ltr'><strong>noa</strong></span> <span class='ocrx_word' id='word_1_103' title='bbox 488 2660 681 2744; x_wconf 77' lang='lat' dir='ltr'><strong>pervenisset</strong></span> <span class='ocrx_word' id='word_1_104' title='bbox 711 2661 821 2725; x_wconf 80' lang='lat' dir='ltr'><strong>iamai</strong></span> <span class='ocrx_word' id='word_1_105' title='bbox 846 2659 908 2726; x_wconf 88' lang='lat' dir='ltr'><strong>Sed</strong></span> <span class='ocrx_word' id='word_1_106' title='bbox 932 2664 1077 2726; x_wconf 89' lang='lat' dir='ltr'><strong>multum</strong></span> <span class='ocrx_word' id='word_1_107' title='bbox 1097 2663 1245 2728; x_wconf 82' lang='lat' dir='ltr'><strong>abeatur</strong></span> 
     </span>
     <span class='ocr_line' id='line_1_17' title="bbox 247 2807 1246 2896; baseline 0 -22"><span class='ocrx_word' id='word_1_108' title='bbox 247 2811 398 2875; x_wconf 81' lang='lat' dir='ltr'><strong>fortunae</strong></span> <span class='ocrx_word' id='word_1_109' title='bbox 420 2828 516 2884; x_wconf 87' lang='lat' dir='ltr'><strong>eam,</strong></span> <span class='ocrx_word' id='word_1_110' title='bbox 540 2807 873 2893; x_wconf 74' lang='lat' dir='ltr'><strong>quamvoluietemua,</strong></span> <span class='ocrx_word' id='word_1_111' title='bbox 899 2810 1038 2896; x_wconf 73' lang='lat' dir='ltr'><strong>gratiam</strong></span> <span class='ocrx_word' id='word_1_112' title='bbox 1059 2810 1246 2875; x_wconf 78' lang='lat' dir='ltr'><strong>habeamus.</strong></span> 
     </span>
     <span class='ocr_line' id='line_1_18' title="bbox 243 2955 1248 3044; baseline 0.001 -22"><span class='ocrx_word' id='word_1_113' title='bbox 243 2955 337 3044; x_wconf 84' lang='lat' dir='ltr'><strong>Quae</strong></span> <span class='ocrx_word' id='word_1_114' title='bbox 358 2957 385 3024; x_wconf 87' lang='lat' dir='ltr'><strong>ai</strong></span> <span class='ocrx_word' id='word_1_115' title='bbox 407 2955 553 3042; x_wconf 83' lang='lat' dir='ltr'><strong>pepercit</strong></span> <span class='ocrx_word' id='word_1_116' title='bbox 565 2955 694 3032; x_wconf 88' lang='lat' dir='ltr'><strong>multia,</strong></span> <span class='ocrx_word' id='word_1_117' title='bbox 709 2977 792 3040; x_wconf 85' lang='lat' dir='ltr'><strong>quae</strong></span> <span class='ocrx_word' id='word_1_118' title='bbox 803 2957 895 3043; x_wconf 72' lang='lat' dir='ltr'><strong>grati</strong></span> <span class='ocrx_word' id='word_1_119' title='bbox 908 2959 1135 3044; x_wconf 76' lang='lat' dir='ltr'><strong>prosequimur</strong></span> <span class='ocrx_word' id='word_1_120' title='bbox 1147 2979 1248 3024; x_wconf 82' lang='lat' dir='ltr'><strong>vene·</strong></span> 
     </span>
     <span class='ocr_line' id='line_1_19' title="bbox 245 3103 1248 3190; baseline 0.001 -20"><span class='ocrx_word' id='word_1_121' title='bbox 245 3105 388 3182; x_wconf 87' lang='lat' dir='ltr'><strong>ratione,</strong></span> <span class='ocrx_word' id='word_1_122' title='bbox 410 3103 554 3190; x_wconf 87' lang='lat' dir='ltr'><strong>plurimu</strong></span> <span class='ocrx_word' id='word_1_123' title='bbox 575 3103 750 3181; x_wconf 78' lang='lat' dir='ltr'><strong>absumsit,</strong></span> <span class='ocrx_word' id='word_1_124' title='bbox 769 3104 925 3170; x_wconf 74' lang='lat' dir='ltr'><strong>absumsit</strong></span> <span class='ocrx_word' id='word_1_125' title='bbox 947 3126 1003 3182; x_wconf 85' lang='lat' dir='ltr'><strong>ea,</strong></span> <span class='ocrx_word' id='word_1_126' title='bbox 1027 3107 1248 3190; x_wconf 86' lang='lat' dir='ltr'><strong>quorumjao-</strong></span> 
     </span>
     <span class='ocr_line' id='line_1_20' title="bbox 244 3251 1245 3338; baseline 0 -20"><span class='ocrx_word' id='word_1_127' title='bbox 244 3251 320 3318; x_wconf 84' lang='lat' dir='ltr'><strong>turd</strong></span> <span class='ocrx_word' id='word_1_128' title='bbox 352 3251 434 3338; x_wconf 76' lang='lat' dir='ltr'><strong>fingi</strong></span> <span class='ocrx_word' id='word_1_129' title='bbox 470 3253 504 3317; x_wconf 88' lang='lat' dir='ltr'><strong>in</strong></span> <span class='ocrx_word' id='word_1_130' title='bbox 534 3251 582 3317; x_wconf 84' lang='lat' dir='ltr'><strong>hio</strong></span> <span class='ocrx_word' id='word_1_131' title='bbox 611 3252 781 3316; x_wconf 85' lang='lat' dir='ltr'><strong>literarum</strong></span> <span class='ocrx_word' id='word_1_132' title='bbox 811 3252 921 3318; x_wconf 74' lang='lat' dir='ltr'><strong>stadiis</strong></span> <span class='ocrx_word' id='word_1_133' title='bbox 950 3252 1003 3317; x_wconf 82' lang='lat' dir='ltr'><strong>vix</strong></span> <span class='ocrx_word' id='word_1_134' title='bbox 1042 3255 1108 3318; x_wconf 85' lang='lat' dir='ltr'><strong>ulla</strong></span> <span class='ocrx_word' id='word_1_135' title='bbox 1136 3255 1245 3338; x_wconf 84' lang='lat' dir='ltr'><strong>major</strong></span> 
     </span>
     <span class='ocr_line' id='line_1_21' title="bbox 244 3397 1247 3486; baseline -0.001 -20"><span class='ocrx_word' id='word_1_136' title='bbox 244 3413 359 3486; x_wconf 75' lang='lat' dir='ltr'><strong>potest.</strong></span> <span class='ocrx_word' id='word_1_137' title='bbox 404 3397 488 3464; x_wconf 86' lang='lat' dir='ltr'><strong>Nam</strong></span> <span class='ocrx_word' id='word_1_138' title='bbox 511 3421 616 3484; x_wconf 86' lang='lat' dir='ltr'><strong>quum</strong></span> <span class='ocrx_word' id='word_1_139' title='bbox 639 3399 763 3465; x_wconf 77' lang='lat' dir='ltr'><strong>intersit</strong></span> <span class='ocrx_word' id='word_1_140' title='bbox 783 3399 965 3484; x_wconf 89' lang='lat' dir='ltr'><strong>plurimum</strong></span> <span class='ocrx_word' id='word_1_141' title='bbox 979 3446 987 3476; x_wconf 94' lang='lat'><strong>‚</strong></span> <span class='ocrx_word' id='word_1_142' title='bbox 1000 3400 1121 3465; x_wconf 89' lang='lat' dir='ltr'><strong>artium</strong></span> <span class='ocrx_word' id='word_1_143' title='bbox 1134 3413 1167 3464; x_wconf 91' lang='lat' dir='ltr'><strong>et</strong></span> <span class='ocrx_word' id='word_1_144' title='bbox 1178 3400 1247 3465; x_wconf 84' lang='lat' dir='ltr'><strong>dia·</strong></span> 
     </span>
     <span class='ocr_line' id='line_1_22' title="bbox 242 3546 1243 3633; baseline -0.003 -18"><span class='ocrx_word' id='word_1_145' title='bbox 242 3547 440 3633; x_wconf 88' lang='lat' dir='ltr'><strong>ciplinarum</strong></span> <span class='ocrx_word' id='word_1_146' title='bbox 469 3557 655 3612; x_wconf 83' lang='lat' dir='ltr'><strong>contextam</strong></span> <span class='ocrx_word' id='word_1_147' title='bbox 685 3547 853 3613; x_wconf 76' lang='lat' dir='ltr'><strong>historiam</strong></span> <span class='ocrx_word' id='word_1_148' title='bbox 876 3546 1014 3623; x_wconf 77' lang='lat' dir='ltr'><strong>novicae,</strong></span> <span class='ocrx_word' id='word_1_149' title='bbox 1041 3558 1080 3611; x_wconf 89' lang='lat' dir='ltr'><strong>ut</strong></span> <span class='ocrx_word' id='word_1_150' title='bbox 1101 3548 1243 3620; x_wconf 77' lang='lat' dir='ltr'><strong>arduum</strong></span> 
     </span>
     <span class='ocr_line' id='line_1_23' title="bbox 243 3693 1247 3783; baseline -0.003 -21"><span class='ocrx_word' id='word_1_151' title='bbox 243 3695 363 3783; x_wconf 82' lang='lat' dir='ltr'><strong>ingenii</strong></span> <span class='ocrx_word' id='word_1_152' title='bbox 396 3693 533 3759; x_wconf 87' lang='lat' dir='ltr'><strong>humani</strong></span> <span class='ocrx_word' id='word_1_153' title='bbox 555 3718 574 3760; x_wconf 93' lang='lat' dir='ltr'><strong>a</strong></span> <span class='ocrx_word' id='word_1_154' title='bbox 598 3695 731 3760; x_wconf 71' lang='lat' dir='ltr'><strong>rudibus</strong></span> <span class='ocrx_word' id='word_1_155' title='bbox 755 3695 851 3760; x_wconf 78' lang='lat' dir='ltr'><strong>initiis</strong></span> <span class='ocrx_word' id='word_1_156' title='bbox 876 3696 916 3759; x_wconf 85' lang='lat' dir='ltr'><strong>ad</strong></span> <span class='ocrx_word' id='word_1_157' title='bbox 948 3695 1171 3759; x_wconf 84' lang='lat' dir='ltr'><strong>maturitatem</strong></span> <span class='ocrx_word' id='word_1_158' title='bbox 1192 3717 1247 3760; x_wconf 82' lang='lat' dir='ltr'><strong>eu·</strong></span> 
     </span>
     <span class='ocr_line' id='line_1_24' title="bbox 245 3841 1247 3929; baseline -0.005 -19"><span class='ocrx_word' id='word_1_159' title='bbox 245 3863 301 3910; x_wconf 85' lang='lat' dir='ltr'><strong>nm</strong></span> <span class='ocrx_word' id='word_1_160' title='bbox 334 3845 452 3910; x_wconf 85' lang='lat' dir='ltr'><strong>iteret</strong></span> <span class='ocrx_word' id='word_1_161' title='bbox 479 3843 736 3929; x_wconf 73' lang='lat' dir='ltr'><strong>progressionem</strong></span> <span class='ocrx_word' id='word_1_162' title='bbox 760 3863 1011 3928; x_wconf 72' lang='lat' dir='ltr'><strong>cognoscamur,</strong></span> <span class='ocrx_word' id='word_1_163' title='bbox 1035 3855 1180 3906; x_wconf 81' lang='lat' dir='ltr'><strong>veterum</strong></span> <span class='ocrx_word' id='word_1_164' title='bbox 1204 3841 1247 3905; x_wconf 82' lang='lat' dir='ltr'><strong>ai·</strong></span> 
     </span>
     <span class='ocr_line' id='line_1_25' title="bbox 243 3988 1247 4074; baseline -0.007 -16"><span class='ocrx_word' id='word_1_165' title='bbox 243 3993 345 4060; x_wconf 86' lang='lat' dir='ltr'><strong>lentio</strong></span> <span class='ocrx_word' id='word_1_166' title='bbox 376 4003 409 4055; x_wconf 87' lang='lat' dir='ltr'><strong>et</strong></span> <span class='ocrx_word' id='word_1_167' title='bbox 443 3991 588 4074; x_wconf 80' lang='lat' dir='ltr'><strong>iptorum</strong></span> <span class='ocrx_word' id='word_1_168' title='bbox 622 4003 913 4056; x_wconf 84' lang='lat' dir='ltr'><strong>monumentorum</strong></span> <span class='ocrx_word' id='word_1_169' title='bbox 945 3989 1078 4054; x_wconf 85' lang='lat' dir='ltr'><strong>interitu</strong></span> <span class='ocrx_word' id='word_1_170' title='bbox 1114 3988 1173 4064; x_wconf 83' lang='lat' dir='ltr'><strong>fit,</strong></span> <span class='ocrx_word' id='word_1_171' title='bbox 1207 4000 1247 4052; x_wconf 90' lang='lat' dir='ltr'><strong>ut</strong></span> 
     </span>
    </p>
   </div>
   <div class='ocr_carea' id='block_1_6' title="bbox 244 4134 1247 4222">
    <p class='ocr_par' dir='ltr' id='par_1_7' title="bbox 244 4134 1247 4222">
     <span class='ocr_line' id='line_1_26' title="bbox 244 4134 1247 4222; baseline -0.011 -15"><span class='ocrx_word' id='word_1_172' title='bbox 244 4153 379 4207; x_wconf 84' lang='lat' dir='ltr'><strong>naturae</strong></span> <span class='ocrx_word' id='word_1_173' title='bbox 404 4149 530 4203; x_wconf 72' lang='lat' dir='ltr'><strong>nostrae</strong></span> <span class='ocrx_word' id='word_1_174' title='bbox 558 4138 768 4222; x_wconf 83' lang='lat' dir='ltr'><strong>cupiditatem</strong></span> <span class='ocrx_word' id='word_1_175' title='bbox 800 4139 913 4202; x_wconf 73' lang='lat' dir='ltr'><strong>satiare</strong></span> <span class='ocrx_word' id='word_1_176' title='bbox 945 4135 1003 4200; x_wconf 83' lang='lat' dir='ltr'><strong>niti</strong></span> <span class='ocrx_word' id='word_1_177' title='bbox 1027 4155 1120 4219; x_wconf 74' lang='lat' dir='ltr'><strong>aegro</strong></span> <span class='ocrx_word' id='word_1_178' title='bbox 1142 4134 1247 4218; x_wconf 83' lang='lat' dir='ltr'><strong>poeai-</strong></span> 
     </span>
    </p>
   </div>
   <div class='ocr_carea' id='block_1_7' title="bbox 0 0 1452 4986">
    <p class='ocr_par' dir='ltr' id='par_1_8' title="bbox 0 0 1452 4986">
     <span class='ocr_line' id='line_1_27' title="bbox 0 0 1452 4986; baseline 0 0"><span class='ocrx_word' id='word_1_179' title='bbox 0 0 1452 4986; x_wconf 95' lang='lat' dir='ltr'><strong> </strong></span> 
     </span>
    </p>
   </div>
  </div>
 </body>
</html>
