2894 4986
660 445 680 504 3

174 669 270 724 mue,
304 661 343 713 ut
373 649 555 714 multarum
587 647 679 714 initia
712 649 833 713 artium
865 660 899 714 et
934 648 1176 734 disciplinarum

174 793 298 860 levibus
320 794 512 880 ineertisque
536 794 673 882 vestigiis
686 795 872 861 abscondita
890 795 1075 875 doleamus,
1095 817 1179 884 quae

174 941 325 1030 persequi
356 942 477 1008 infiniti
505 963 543 1008 ae
587 945 655 1009 sere
677 945 835 1030 desperati
863 943 981 1011 laboris
1020 957 1077 1011 est.
1134 945 1181 1012 At

176 1112 254 1158 rere
281 1091 364 1156 tenti
389 1092 550 1158 momenti
578 1112 649 1170 res,
676 1114 756 1178 ques
777 1093 803 1158 si
819 1094 1023 1180 contingeret
1038 1093 1181 1158 invenire

176 1237 338 1324 quantivis
363 1238 460 1323 pretii
488 1251 568 1306 esset
589 1241 797 1318 habendum,
832 1241 928 1309 iaeile
950 1241 1108 1330 gravitate
1123 1261 1182 1306 sua

175 1388 377 1472 impediunt,
408 1409 450 1454 ne
474 1387 562 1474 justo
581 1388 683 1454 dolori
715 1389 815 1456 otiosa
834 1392 985 1456 aeeedens
1004 1390 1183 1474 desperatio

174 1538 268 1602 tollat
278 1535 490 1624 investigandi
508 1557 622 1602 curam
645 1543 679 1603 et
695 1537 924 1604 assiduitatem.
949 1535 1174 1624 Quapropter,

175 1683 355 1750 clarissimis
378 1685 532 1768 exemplis
552 1705 646 1765 usos,
678 1685 713 1750 in
737 1686 801 1751 suis
816 1685 956 1774 singulos
970 1686 1081 1752 studiis
1103 1687 1180 1751 dili⁴

177 1835 360 1922 gratissime
392 1847 521 1920 oportet
555 1835 637 1902 vires
665 1835 863 1920 periclitari,
900 1850 960 1914 ut,
988 1837 1097 1922 quoad
1113 1837 1181 1921 ejus

176 1982 247 2048 fieri
276 1982 396 2068 possit,
433 1981 579 2069 ingentes
600 1981 758 2048 leniamus
787 1981 898 2048 studiis
919 1981 1034 2046 nostris
1052 1979 1181 2066 iniquae

178 2134 329 2198 fortunae
355 2129 561 2197 calamitates.

223 2434 356 2504 Satira
390 2437 616 2506 Romanorum
642 2451 755 2506 utrum
785 2435 957 2523 proprium
989 2435 1183 2523 aliquodue

178 2588 312 2671 privum
329 2587 496 2655 Romame
514 2595 643 2676 poe'eeoe
663 2611 785 2676 genere,
814 2611 856 2654 an
876 2607 1052 2654 commune
1076 2577 1182 2652 Grae·

178 2736 222 2802 cis
258 2737 376 2815 fuerit,
409 2749 523 2804 utrum
557 2750 664 2803 tetum
693 2737 743 2802 his
770 2737 811 2802 sit
839 2735 1067 2802 vindieandum
1103 2753 1184 2800 aue-

178 2885 326 2963 toribus,
357 2907 399 2950 an
432 2885 564 2950 illorum
595 2888 647 2951 vel
681 2883 870 2972 ingemiseit
894 2897 1027 2968 partum
1050 2886 1101 2948 vel
1122 2885 1179 2947 in·

178 3044 365 3097 stauratum
410 3031 521 3098 studiis
563 3033 614 3098 rel
660 3032 814 3116 peculiari
848 3031 972 3097 ratione
1006 3043 1182 3096 tractatum

179 3199 218 3244 ac
234 3181 503 3266 frequentatum,
528 3178 635 3266 gravis
646 3179 738 3244 omni
755 3190 903 3264 tempore
917 3177 980 3242 fuit
995 3199 1102 3263 neque
1119 3201 1183 3244 esse

179 3327 273 3394 desiit
297 3326 383 3393 iuter
411 3327 551 3393 eruditos
571 3327 798 3393 controversia.
833 3323 907 3412 Qua
935 3327 976 3391 de
989 3339 1026 3391 re
1046 3326 1184 3412 siquae·

179 3477 284 3542 rimus
312 3496 397 3561 quae
427 3473 596 3541 dubitandi
630 3475 797 3561 uariasque
824 3473 858 3538 in
874 3486 981 3558 partes
1000 3443 1192 3540 discedendi

182 3646 277 3690 eausa
309 3623 432 3700 suerit,
473 3624 593 3707 duplex
621 3636 689 3700 est,
724 3624 826 3688 altera
850 3621 991 3686 sontium
1026 3621 1185 3706 penuria,

182 3773 282 3838 altera
318 3785 464 3856 suspecta
507 3771 705 3837 tradentium
735 3768 835 3849 fides3
869 3770 990 3836 aceedit
1021 3770 1180 3848 tertium,

182 3919 329 3984 locorum
342 3917 377 3982 in
388 3937 509 4004 magna
524 3917 687 4002 paucitate
698 3933 829 3982 summa
844 3920 1039 4003 corruptela.
1068 3917 1185 3984 Gravis

183 4065 282 4152 igitur
315 4064 462 4152 quaestio
486 4065 628 4151 graviter
658 4065 857 4149 impeditur,
881 4085 941 4131 nee
964 4065 1092 4131 videtur
1108 4087 1189 4150 pro·

186 4212 334 4282 habiliter
357 4212 436 4278 solvi
459 4233 570 4296 posse,
595 4213 652 4277 uisi
676 4213 791 4280 iterata
804 4214 1087 4290 testimoniorum,
1102 4231 1185 4298 quae

696 4365 736 4426 μ
