2858 4970
604 381 664 444 127

129 577 169 622 eo
199 576 312 622 amore
336 569 436 641 atque
452 556 667 624 almirotione
691 559 831 644 amplius
851 557 1046 645 Quintiliani
1061 577 1140 624 mvn

128 675 347 742 movebantur
363 675 510 761 plunimi.
554 677 646 745 Licet
665 700 743 745 vero
761 680 876 744 melior
890 679 1037 746 mtiverse
1049 701 1140 744 mens

127 795 313 862 invaluisset
333 796 519 881 tertiusque
540 797 581 862 de
602 811 759 863 vetustate
779 798 953 864 existimari
971 798 1140 882 eoepisset,

129 918 246 1000 procul
270 928 382 980 tamen
410 915 545 992 aberas,
576 930 613 981 ut
639 919 760 982 numa
792 931 1052 1004 quaererentur,
1083 918 1140 1004 qui

126 1055 219 1101 secus
253 1033 490 1101 existimarent.
533 1034 683 1102 Testatur
706 1033 946 1120 Quintilianus,
971 1037 1006 1101 in
1022 1058 1142 1122 aequia-

10 1189 11 1222 t
131 1153 215 1218 libus
238 1152 302 1218 suis
323 1153 482 1238 quosdam
518 1153 563 1218 ita
582 1153 645 1220 sibi
666 1155 790 1220 deditos
807 1155 955 1221 babuisse
974 1153 1140 1220 Lutillttrn
1223 1239 1226 1248 ι

127 1286 314 1350 amatores,
331 1287 369 1340 ut
396 1295 474 1338 eum
494 1273 540 1338 illi
553 1293 620 1338 non
633 1275 778 1359 ejsudem
796 1275 896 1340 modo
908 1274 1013 1359 operis
1029 1283 1156 1340 tueto·'

129 1393 242 1468 ribus,
261 1393 317 1457 sed
337 1391 489 1456 omnibus
519 1392 622 1476 poe'tis
638 1393 802 1476 praelerre
825 1415 893 1458 non
912 1393 1101 1460 dubitarent
1115 1395 1140 1460 ¹.

129 1509 183 1578 Ab
216 1510 284 1588 his,
314 1523 352 1576 ut
374 1531 434 1595 par
463 1525 552 1588 enat,
570 1513 797 1590 dissentiebat,
821 1514 910 1578 baud
928 1513 996 1580 sine
1018 1513 1143 1578 mione

129 1653 186 1708 ea,
211 1651 297 1716 quae
316 1629 474 1714 posterius
488 1644 617 1715 tompus
640 1635 779 1710 tulerat,
800 1632 921 1720 ingenii
945 1648 1143 1698 monumen·

131 1763 165 1816 ts
190 1749 294 1836 magis
318 1750 515 1828 admiratus,
534 1773 596 1816 nee
615 1765 730 1818 umen
749 1751 796 1818 ita
818 1750 999 1818 recentiora
1017 1753 1142 1836 mple-

130 1891 210 1947 xns,
242 1867 325 1954 quin
349 1869 445 1954 aequi
466 1869 583 1954 judicis
606 1870 708 1935 instar
729 1871 864 1957 antiqua
884 1885 1145 1936 veneraretnret

129 1987 241 2054 debita
267 1987 363 2054 laude
393 2001 655 2073 prosequeretur.
698 1987 812 2075 Neque
845 2009 923 2055 vero
952 1989 1144 2073 proximma

132 2105 335 2194 Quintiliano
368 2119 518 2190 tempore
551 2108 747 2185 defuerunt,
776 2107 834 2192 qui
866 2107 962 2172 illum
988 2107 1023 2172 in
1047 2107 1144 2174 tuba

131 2225 354 2312 principatum
372 2225 406 2289 in
424 2223 589 2292 Lucilium
609 2227 782 2292 deferrent.
812 2221 867 2292 sie
882 2225 972 2292 enim
994 2237 1144 2292 asetsr

131 2344 307 2434 dialogi
329 2341 375 2408 de
397 2345 647 2410 oratoribus
662 2344 792 2411 scribit:
816 2344 1147 2431 «Vobitutiqueven

131 2478 245 2532 santur
259 2477 335 2528 ante
355 2465 487 2540 oculos,
509 2463 566 2549 qui
591 2464 754 2530 Lua'lium
778 2485 840 2548 pro
851 2462 1009 2541 Horatio,
1035 2463 1145 2530 etbu-
1178 2455 1183 2470 ’

132 2583 272 2652 tretinm
298 2603 359 2667 pro
376 2581 514 2670 Virgilio
532 2586 645 2670 legunt
656 2582 683 2649 ².
697 2603 716 2646 »
744 2583 840 2652 Unde
860 2583 939 2648 efflei
952 2585 1148 2668 pone-vide-

133 2719 206 2782 tur,
237 2703 303 2769 suis
336 2701 500 2769 Lucilium
534 2703 778 2780 laudatoribus,
800 2703 949 2789 quamvis
968 2703 1001 2768 in
1020 2703 1148 2770 satirico

136 2841 256 2910 ponere
273 2821 453 2906 prinoipem
479 2834 512 2887 et
522 2820 699 2900 eximium,
720 2835 831 2887 tamen
847 2845 914 2888 non
926 2825 1025 2888 talem
1040 2823 1145 2888 tium

137 2941 253 3018 luisse,
280 2939 338 3026 qui
368 2953 490 3005 eeteros
520 2961 654 3016 omnes,
683 2941 718 3004 in
738 2941 852 3026 quovis
881 2947 1011 3026 poeseos
1030 2963 1147 3029 ponere

136 3073 295 3135 tantos,
318 3059 420 3124 laudis
440 3059 851 3126 excellentiaiobseurasset.
876 3059 972 3145 Quod
982 3061 1061 3124 item
1071 3081 1148 3130 oon-

136 3180 326 3244 lirmautem
363 3177 521 3243 babemus
552 3179 785 3266 subaequalem
813 3178 1083 3256 Martialem,
1109 3193 1149 3246 ut

141 3311 279 3382 apparet
297 3319 337 3362 ex
354 3296 610 3384 epigrammate:

174 3602 187 3641 ι
224 3584 513 3649 1m1.01ae.x,1.

174 3703 191 3736 2
225 3685 319 3740 (223.
358 3683 478 3738 Videtur
508 3683 608 3753 dialogi
627 3681 709 3754 bajus
738 3682 906 3736 Plinius
933 3683 1151 3740 Caecilio!

144 3781 374 3846 Secundus,
403 3799 458 3836 non
479 3782 656 3836 'l'acitos
682 3789 778 3836 auctor
806 3801 875 3837 etse.
911 3779 995 3852 Quod
1011 3785 1151 3852 praeclare

144 3895 236 3931 recens
253 3881 399 3948 prtsbtlunt
416 3879 467 3934 ivit
486 3881 524 3934 A.
546 3881 588 3934 W
592 3881 604 3931 i
614 3881 675 3932 ttt'
685 3879 810 3936 chtiber
824 3882 878 3934 den
900 3879 979 3950 Vers.
1000 3881 1047 3934 tle-r
1064 3882 1149 3940 Diei.

145 3977 177 4028 δε
201 3981 296 4030 Orati.
325 3976 353 4028 iu
386 3976 605 4031 Seebodae'e
633 3977 870 4051 Neoelolsrb0s.
896 3979 979 4034 Phil.
1004 3999 1032 4034 u.
1062 3980 1151 4034 Paed.

147 4073 213 4146 1859
236 4073 338 4146 suppl.
356 4073 382 4126 V
411 4091 439 4142 p·
457 4073 602 4144 πᾶς-393.
625 4057 628 4062 ’
650 4072 781 4126 Ceterum
803 4073 837 4126 de
866 4075 970 4132 Lucilii
986 4077 1153 4132 anctoritate

147 4170 179 4222 ct
197 4173 257 4223 Ha
273 4189 345 4224 nso
364 4171 483 4223 Nachtr.
501 4189 524 4224 z.
548 4171 645 4223 Suiser
660 4189 689 4239 p.
708 4171 760 4225 lto
776 4189 836 4242 sqq.
