2894 4986
777 369 820 432 80

298 549 407 625 venit,
431 561 516 613 certo
539 560 650 613 nactus
674 560 719 612 eat
743 549 1021 632 opportunitatem
1032 548 1171 616 Socratis
1182 563 1214 614 et
1229 549 1302 614 Pla·

300 669 384 734 tonis
405 667 626 755 cognoscendi.

341 788 455 873 ltaque
479 807 545 852 non
562 787 643 851 rude
660 799 693 851 et
716 787 876 852 incultum
902 787 1017 852 Lucilii
1035 787 1200 873 ingenium
1226 788 1303 866 suit,

296 909 352 972 aed
372 906 467 972 variis
490 905 674 988 disciplinae
695 905 840 970 subsidiis
856 927 931 970 cero
955 909 1137 972 formatum
1160 920 1192 971 et
1206 929 1305 972 eaer-

297 1026 444 1092 citatum.
490 1025 540 1090 Ex
562 1025 620 1088 illa
655 1038 765 1089 autem
787 1029 915 1108 poeseos
933 1037 965 1089 et
981 1025 1202 1110 philosophiae
1224 1047 1305 1091 con·

294 1146 462 1231 junctione
489 1144 616 1232 egregie
641 1145 711 1230 jam
745 1146 786 1209 de
817 1146 883 1230 ejua
904 1145 995 1229 po'e'si
1010 1145 1193 1210 existimare
1213 1146 1304 1214 licet.

295 1263 423 1333 Verum
458 1263 625 1328 audiamus
653 1284 716 1341 eoo,
742 1264 858 1349 quide
887 1263 1053 1329 doctrinae
1078 1266 1144 1350 ejus
1175 1265 1304 1330 ratione

297 1383 476 1450 memoriae
501 1383 738 1467 prodiderunt·
771 1383 810 1446 ln
833 1383 951 1468 quibua
973 1397 1076 1448 aetate
1099 1385 1224 1468 primus
1242 1383 1305 1450 Ci-

298 1524 373 1567 cero
416 1501 553 1566 doctam
590 1523 667 1566 eum
702 1502 877 1579 vocavitl,
913 1507 980 1588 qdo
1013 1505 1196 1569 doctrinam
1231 1505 1302 1588 ejus

297 1622 492 1707 praedicasse
516 1634 548 1685 et
572 1622 680 1707 magni
703 1622 810 1686 fecisse
828 1636 986 1690 censetur.
1031 1624 1076 1688 At
1098 1623 1185 1687 idem
1208 1637 1303 1706 poet-

298 1763 336 1806 ea
368 1743 409 1806 de
443 1741 558 1804 eodem
580 1741 740 1815 reserens,
764 1739 852 1822 priua
872 1740 1033 1824 jttdicium
1056 1741 1184 1806 videtur
1206 1762 1303 1807 reno·

266 1881 390 1926 came.
434 1855 554 1923 Scribit
590 1857 700 1934 enim,
736 1878 802 1921 non
831 1871 901 1922 tam
924 1861 1033 1924 doctos
1059 1859 1174 1925 Lucilii
1196 1873 1302 1926 aetate

297 1978 411 2054 luirae,
435 1978 475 2042 ad
498 1995 640 2060 quorum
668 1974 722 2038 ille
738 1975 899 2058 judicium
918 1975 1120 2052 elaboraret,
1144 1977 1300 2062 additque

294 2097 414 2180 scripta
436 2098 504 2181 ejus
520 2115 585 2158 ease
605 2093 743 2170 leviora,
767 2108 804 2157 ut
817 2094 979 2160 urbanitas
994 2116 1125 2160 summa
1133 2107 1300 2178 appareat,

297 2215 462 2280 doctrina
491 2211 714 2278 medianifl.
766 2211 885 2277 Putant
912 2213 1036 2277 detrahi
1069 2211 1124 2277 hic
1145 2212 1292 2292 Lucilio,

296 2347 384 2399 certe
413 2332 517 2396 minui
541 2351 739 2416 magnopere
764 2332 831 2414 ejus
859 2330 960 2394 laudis
983 2331 1189 2414 opinionem,
1223 2353 1291 2417 qua

297 2452 475 2518 celebratur
505 2451 621 2513 suerat.
666 2446 879 2532 Nequaquam
904 2463 1014 2514 tamen
1038 2449 1176 2515 lenitatis
1197 2472 1300 2516 accu-

294 2571 432 2633 sandum
442 2588 505 2632 esee
518 2565 707 2632 Ciceronem
717 2567 1022 2633 animadvertamus.
1038 2567 1168 2633 Etenim
1179 2568 1300 2636 doctus

296 2707 363 2752 non
385 2708 404 2750 a
429 2684 583 2751 Cicerone
611 2697 770 2761 vocatur,
794 2687 849 2750 aed
878 2685 919 2750 ab
931 2687 1056 2771 aequali
1080 2685 1194 2752 Crasso
1218 2689 1300 2754 haec

295 2807 324 2872 ei
359 2808 426 2871 lam
455 2806 543 2889 apud
577 2801 767 2870 Ciceronem
805 2805 1011 2880 conceditur,
1043 2827 1183 2891 eamque
1205 2807 1300 2872 nobis

295 2927 453 3012 majorem
487 2925 629 3008 fingere,
661 2944 762 3007 quam
798 2922 881 2987 illiua
914 2924 997 2989 ratio
1028 2926 1139 2990 aetatis
1149 2926 1295 3010 patitur,

299 3065 405 3130 neque
426 3063 506 3127 opus
530 3053 577 3105 eat
599 3061 659 3104 nec
679 3041 763 3105 licet.
809 3039 1015 3107 Mediocrcm
1038 3066 1173 3108 eaaenec
1186 3045 1298 3120 talem,

296 3163 399 3249 qualia
430 3183 506 3227 cum
524 3180 599 3226 auae
630 3159 741 3224 aetatis
774 3159 921 3224 ubertate
953 3174 985 3225 ct
1005 3162 1097 3245 copia
1117 3166 1302 3245 comparari

294 3279 414 3365 poerit.
438 3277 551 3345 Cicero
571 3277 638 3362 ipae
659 3276 763 3343 verbis
786 3277 847 3342 auis
870 3280 1045 3361 profitetur
1057 3279 1083 3344 ³.
1130 3277 1215 3356 Sed,
1239 3281 1298 3364 qui

293 3489 538 3500 —————-—--·--
544 3491 566 3499 .-

330 3609 341 3646 t
380 3595 423 3645 De
441 3593 523 3642 crat.
544 3591 570 3654 l,
591 3591 697 3662 16,72.
725 3593 766 3656 ll,
785 3594 818 3656 6,
839 3590 881 3646 25.

327 3707 344 3743 a
379 3691 422 3740 De
440 3691 505 3742 Fin.
527 3691 552 3751 1,
571 3689 599 3752 3,
617 3707 643 3756 7.

328 3788 345 3840 5
382 3785 456 3840 talem
482 3785 561 3839 video
586 3787 640 3855 jam
667 3785 798 3852 placuitne
820 3783 1212 3852 G.E.Mallero(11ist.
1234 3787 1298 3836 crit.

294 3885 375 3940 Brut.
400 3903 451 3936 zur
479 3887 604 3938 Kenntn.
631 3883 679 3936 der
705 3881 758 3934 alt.
777 3881 832 3936 lat.
853 3881 1071 3953 Schrillateller)
1091 3881 1116 3944 l,
1135 3881 1198 3934 ho.
1234 3880 1298 3934 Non

296 3983 459 4037 distinxerat
477 3987 502 4034 B
514 3983 583 4050 ayl
594 3985 604 4033 i
615 4000 660 4033 ua
677 3999 703 4033 ν.
721 3978 745 4031 L
760 3998 775 4031 u
788 3999 802 4030 c
816 3981 822 4027 i
836 3979 870 4029 la
888 3997 914 4044 p.
934 3995 980 4031 aot
1004 3978 1044 4048 (l)
1065 3978 1137 4030 inter
1158 3981 1253 4032 Crassi
1270 3987 1297 4029 el

297 4083 437 4135 Ciceronis
460 4079 628 4130 sementiam.
675 4077 764 4129 Etiam
782 4076 826 4128 ca
841 4083 966 4127 lonom
988 4075 1087 4130 Cicero
1113 4077 1291 4129 fortissimum

297 4179 386 4232 virum
405 4177 510 4228 cailla
529 4175 701 4243 temporibus
719 4176 905 4226 (lectissimum
923 4181 1000 4224 vocal
1019 4193 1071 4243 pro
1091 4173 1177 4226 Aret.
1199 4192 1225 4241 7.
