2894 4986
638 447 679 511 37

149 649 241 693 inus:
277 625 456 698 Balborum
491 622 622 714 quidem
656 623 780 691 familia
811 623 887 692 salis
917 637 994 690 nota
1024 621 1102 690 erat*
1115 645 1160 708 ao*

148 745 275 812 nobilis.
312 745 352 812 In
376 746 462 808 hanc
490 743 591 830 igitur
623 743 648 809 si
670 757 848 810 statuamus
870 742 984 810 Lucilii
1007 761 1152 808 sororem

147 863 327 940 transiisse,
350 862 434 928 filiae
456 883 495 925 ex
515 862 577 926 hoc
601 861 810 926 matrimonio
832 873 926 927 natae
947 859 1064 926 mansit
1082 859 1153 924 Lu-

148 983 240 1048 ciliae
259 1001 403 1058 nomen,
425 981 530 1046 donec
548 980 686 1046 nuberet
710 978 771 1046 Cn.
795 979 950 1064 Pompejo
974 977 1150 1054 Straboni,

149 1099 296 1186 Pompeji
319 1099 430 1186 magni
462 1099 557 1182 patri.
602 1097 768 1164 Vindicari
793 1099 840 1164 ita
859 1097 1057 1182 antiquitatis
1073 1097 1152 1162 fides

149 1231 264 1302 potest.
310 1213 373 1282 Sed
408 1215 599 1301 quaeritur,
617 1217 707 1300 ctrjus
730 1215 871 1280 familiae
893 1213 1035 1279 Lucilius
1057 1219 1157 1306 potita¹

149 1339 282 1422 ejusque
330 1357 412 1420 quae
452 1333 634 1400 celebratur
673 1353 766 1400 soror
797 1334 906 1398 suerit.
964 1332 1152 1424 Torrentius

148 1456 281 1540 quidem
307 1477 325 1519 e
347 1453 517 1520 Bassorum
540 1453 664 1518 familia
685 1467 771 1519 ortos
794 1452 1002 1528 existimavit,
1025 1452 1153 1535 ipsum·

149 1597 214 1660 que
247 1573 410 1640 Lucilium
430 1575 518 1656 apud
541 1571 757 1638 Ciceronem¹
780 1571 932 1640 Bassum
953 1573 1152 1660 appellatum

149 1693 327 1760 invenirit.
364 1693 473 1779 Quam
496 1695 564 1779 ejus
587 1694 773 1777 opinionem
795 1715 855 1759 nec
874 1693 1045 1778 quisquam
1061 1711 1152 1758 secu·

151 1823 200 1876 tus
223 1819 273 1878 est
294 1823 328 1876 et
344 1812 555 1876 temerariam
574 1828 704 1895 prorsus
723 1833 787 1878 esse
806 1812 1048 1889 contendimus;
1072 1831 1151 1876 nem

151 1930 273 1995 merito.
295 1930 514 2008 miraremur,
538 1927 752 2008 Ciceronem,
769 1930 827 2015 qui
844 1929 968 2015 saepius
988 1929 1152 1996 Lucilium

151 2061 337 2124 memorat,
370 2047 510 2134 abusque
535 2051 655 2114 multos
673 2049 845 2131 scriptores
864 2051 931 2132 ejus
954 2048 1153 2132 cognominis

152 2170 279 2232 nullam
308 2167 436 2251 uspiam
463 2167 571 2232 iecisse
592 2165 804 2232 mentionem.
852 2161 919 2231 rlut
943 2165 1043 2254 igitur
1065 2166 1152 2230 idem

152 2284 381 2350 erbfimandus
407 2295 475 2360 att,
506 2284 564 2368 qui
586 2282 691 2350 slibii
711 2283 1032 2367 simpliciter.Bassut
1054 2303 1154 2348 soca·

153 2415 205 2466 tur
218 2400 236 2479 ,'
258 2415 337 2477 aut,
366 2403 455 2486 quod
482 2403 548 2480 aliis
581 2399 749 2486 probabile
770 2403 875 2468 visum
892 2413 961 2480 est,
985 2403 1153 2490 corrigem-

152 2521 232 2584 dum
276 2520 397 2606 gentile
437 2539 556 2586 nomen
585 2519 621 2584 in
658 2519 871 2596 Concilium,
902 2520 936 2584 in
964 2507 1030 2604 qua
1057 2534 1153 2610 pente

153 2637 323 2704 Bassorum
348 2637 506 2704 familiam
529 2637 623 2704 fuisse
646 2651 780 2704 constat.
803 2634 1029 2724 Quamobrem
1051 2638 1153 2704 tutius

154 2773 199 2822 est
221 2757 259 2822 iis
281 2755 444 2833 assentiri,
469 2756 526 2841 qni
549 2757 690 2822 familiae
712 2759 860 2822 nondum
882 2756 998 2828 illustri
1022 2756 1154 2832 cLuci·

152 2875 186 2940 lii
218 2875 349 2962 ingenio
380 2887 414 2938 et
443 2873 627 2940 celebritate
660 2875 803 2958 primam
837 2875 1152 2941 commendationem

153 2994 314 3061 secessim
350 2993 548 3058 existimentz
576 3013 652 3059 nem
676 2995 880 3076 peramplam
903 3005 937 3082 pt
957 2995 1153 3075 locupletem

139 3113 259 3189 ‚inisse
283 3112 354 3196 quis
370 3110 484 3196 Pighio
495 3109 517 3180 ¹,
534 3113 646 3179 leviter
657 3111 809 3178 statuenti
822 3109 1002 3176 concedat?
1026 3109 1153 3195 Eques·

154 3232 194 3296 tri
225 3244 339 3298 autern
371 3229 476 3298 ordini
504 3233 644 3326 eundem
683 3235 812 3314 politam
841 3227 1038 3312 adscriptum
1058 3229 1152 3296 luisse

154 3350 209 3416 etsi
234 3371 351 3416 verum
370 3349 422 3428 sit,
446 3361 566 3436 temen,
588 3348 673 3414 miro
696 3347 832 3414 artificio
849 3346 912 3423 nsi,
927 3347 1155 3414 multielocue·

155 3483 243 3544 runt,
288 3466 372 3536 Nam
404 3466 622 3542 adhibuerunt
643 3465 756 3550 Velleji
777 3466 898 3544 uerba,
922 3465 978 3552 qui
1002 3464 1154 3532 Numan-

190 3829 201 3865 t
240 3785 314 3884 Bpp.
342 3809 381 3863 ati
396 3813 459 3866 Aer.
484 3811 566 3877 llll,
591 3809 619 3864 5.
656 3813 725 3864 Octo
746 3831 786 3865 me
808 3813 916 3885 quidem
943 3793 1089 3878 delectat,
1107 3815 1155 3866 sed

157 3912 240 3962 ctiam
257 3911 375 3961 Bassum
392 3909 532 3962 bucilium
549 3925 614 3960 suu·

190 4023 206 4058 ι
239 4005 372 4059 Admor-
392 4005 616 4071 ·sae.1,t,6.

188 4103 206 4155 5
240 4105 315 4174 Epp.
333 4103 371 4155 ad
389 4107 468 4156 Fam.
486 4101 567 4172 Vll,
588 4120 632 4158 ao.

190 4203 205 4253 i
241 4199 466 4264 Ann.ttt,3r.
