2894 4986
659 325 697 384 51

180 501 234 564 uio
259 498 418 568 heberent
444 513 542 584 utque
571 499 732 564 immunis
760 501 931 587 vectigalis.
975 503 1084 588 Atque
1104 521 1176 566 enm

179 619 313 703 quidem
322 617 635 704 nobilibusjacturee
648 619 942 703 compensationem
955 622 1059 686 fuisse.
1083 621 1176 686 Prae

179 754 267 804 terea
287 739 479 804 consuluisse
501 760 577 804 eum
603 739 705 823 plebis
728 741 924 820 commodis3
946 741 1064 826 quihus
1089 743 1177 806 errim

178 879 256 944 eger
287 879 354 922 non
380 873 486 936 esset,
518 858 686 945 assignasse
721 859 837 943 reliqui
877 858 945 945 egri
978 860 1098 942 publici
1137 863 1178 925 ed

178 977 305 1042 tricena
320 977 647 1064 jugereportionom,
671 999 772 1063 eaque
792 979 918 1062 privato
938 1000 1002 1044 esee
1016 979 1177 1063 jussisse¹.

180 1094 277 1162 Unde
311 1117 389 1161 sero
418 1095 603 1182 vectigalia,
634 1117 717 1180 quse
747 1095 898 1180 imposita
922 1099 1107 1181 populoque
1129 1097 1177 1162 di-

178 1214 245 1278 vise
263 1234 330 1280 csse
349 1215 463 1278 diserte
480 1213 579 1278 tradit
590 1211 782 1297 Appisnus?
801 1212 884 1278 Zeiss
892 1224 1069 1290 memoret,
1082 1235 1175 1301 agro-

177 1351 257 1394 rum
288 1330 514 1414 publicorum,
542 1331 600 1415 qui
620 1345 839 1414 superessent,
860 1330 1026 1418 uectigalia
1044 1331 1177 1418 diligen-

178 1463 229 1514 ter
254 1469 320 1514 esso
342 1451 526 1532 portuum.
545 1449 631 1514 idem
655 1469 732 1514 vem
751 1451 822 1536 lege
842 1449 962 1514 Thoria
986 1451 1177 1514 maximone

178 1566 249 1653 egri
272 1565 394 1650 publici
407 1577 568 1652 portem,
592 1566 714 1652 quippe
733 1567 1079 1654 in'privetumegrum
1090 1589 1177 1648 oomf

179 1697 366 1761 muntem,
397 1685 567 1750 liberatem
593 1685 740 1771 vectigali
762 1685 884 1750 statuit.
917 1685 1070 1751 Restabat
1079 1685 1178 1773 igitur

175 1825 265 1890 pore
284 1825 311 1868 s.
329 1803 511 1890 porticulo
527 1804 596 1889 egri
620 1802 765 1886 publici,
790 1825 873 1888 quoe
899 1804 1058 1892 vectigalis
1088 1817 1177 1869 esset.

179 1921 224 1988 At
247 1943 336 1986 secus
356 1922 474 1988 sentire
496 1943 553 1986 nos
572 1920 667 2006 jubet
689 1920 829 2004 Appiani
853 1924 950 1998 locris,
975 1943 1074 2006 quem
1098 1943 1179 2007 quo·

179 2040 269 2104 niem
291 2039 474 2127 attigimus,
509 2052 596 2104 recte
617 2039 880 2123 interpretemur.
926 2038 1110 2106 (invehatur
1131 2044 1178 2105 le-

179 2183 219 2249 ge
241 2161 363 2226 Thoria
385 2183 426 2226 ne
457 2159 596 2244 emplius
617 2159 813 2226 divideretur
834 2181 910 2246 eger
932 2159 1100 2243 publicus,
1124 2157 1178 2226 sed

179 2295 259 2345 esset
286 2281 321 2344 in
343 2279 487 2344 dominio
509 2299 733 2364 possessorum.
780 2278 893 2363 Itaque
913 2279 1057 2362 privatus
1075 2282 1179 2344 factus

180 2413 227 2465 est
257 2411 291 2463 et
310 2395 481 2473 sancitum,
503 2409 541 2462 ut
559 2417 620 2480 pro
644 2397 814 2484 quingenis
827 2397 996 2484 jugeribus
1013 2399 1179 2486 vectigalis

181 2539 200 2582 e
234 2517 367 2604 singulis
388 2517 589 2581 solverentur
611 2515 708 2599 plebi.
755 2513 827 2580 Hoc
847 2491 1048 2602 siqnifioatur
1071 2517 1177 2582 verbis

183 2631 264 2703 risos
288 2639 352 2701 τῶν
376 2637 510 2722 ἐχόντων
534 2638 586 2698 καὶ
608 2637 719 2720 φόρους
742 2636 818 2720 ὑπὲρ
841 2634 936 2715 αὐτῆς
961 2635 1041 2723 (non
1051 2635 1175 2718 publici

182 2755 251 2842 egri
283 2756 337 2820 sed
367 2753 483 2836 privati
512 2749 606 2838 iacti).
625 2757 670 2836 τῷ
692 2751 778 2834 δήμῳ
799 2753 1041 2816 κατατίθεσθαι.
1089 2751 1179 2816 Con-

182 2873 324 2939 sentiunt
355 2872 483 2936 tebulee
504 2875 697 2957 lroqmente.
734 2895 752 2935 α
766 2867 838 2956 Qui
855 2892 941 2958 ugos·
965 2869 1178 2957 locusquod-

183 3019 219 3060 cs
241 2991 439 3080 aedilicium
457 3013 497 3054 ec
521 2989 592 3078 lege
612 2987 760 3075 plebeios
781 2991 959 3053 ecitoexro
974 2991 1008 3054 h.
1021 2990 1043 3053 l.
1066 2989 1178 3071 prise·

185 3131 256 3180 tum
289 3115 412 3176 loetum
443 3121 509 3184 est,
543 3127 606 3190 pro
636 3127 674 3172 eo
700 3126 780 3194 egro
802 3109 874 3170 loeo
892 3103 1036 3170 aedificio
1052 3127 1178 3192 proque

183 3234 343 3318 scripture
358 3227 496 3314 pecoris,
514 3227 602 3311 quod
626 3226 661 3289 in
682 3245 721 3288 eo
737 3245 816 3312 egro
831 3224 983 3308 poscitur,
1003 3238 1178 3311 postquem

185 3350 351 3437 vectigalia
376 3345 595 3420 constiterint,
629 3365 711 3428 queo
734 3344 884 3427 posth.l.
910 3355 1073 3432 rogatam
1089 3347 1178 3431 pri·

185 3495 279 3539 mum
310 3466 553 3539 concitorem,
584 3465 643 3526 nei
666 3461 837 3549 quis-².
863 3461 953 3528 Putet
977 3463 1077 3539 hino,
1106 3465 1177 3529 solis

186 3592 267 3680 egris
280 3586 411 3674 privatis
432 3583 521 3648 fectis
544 3581 712 3669 vectigalia
736 3581 887 3666 imposito
909 3603 989 3660 esse3
1011 3583 1098 3666 quod
1114 3603 1178 3647 no-

186 3731 264 3775 uum
295 3705 390 3771 fuisse
412 3701 572 3768 indicetur
595 3700 720 3766 verbis:
740 3702 926 3784 primum
945 3703 1177 3766 constiterint.

407 3883 459 3894 —-

220 4013 232 4052 ι
268 4015 296 4064 p·
315 4012 345 4050 ιι
364 4011 425 4062 sqq·

220 4115 235 4148 α
271 4091 458 4162 Rudorsf
480 4085 532 4142 ld.
549 4102 577 4155 p.
595 4083 656 4148 152,
680 4083 740 4149 153,

651 4187 692 4249 4*
