2860 4974
774 417 833 483 tot

349 595 480 658 Vellem
504 597 650 658 eone-iliu
675 607 807 672 oestro,
833 599 922 683 quood
945 599 1086 674 dicitis,
1112 601 1222 671 oiim,

292 753 303 766 s
346 712 549 786 Caelicolae,
575 713 704 787 oeilem,
716 717 872 801 inquom,
891 715 1109 801 affuissemu'
1126 721 1248 806 priori

343 830 496 894 Concilio
513 831 535 895 '.

299 947 465 1012 Praetereo
495 951 560 1013 hue
592 950 755 1031 pertinere
788 951 915 1016 videtur
946 972 1056 1017 versus
1077 954 1176 1030 alius,
1209 974 1306 1037 quem

298 1063 429 1129 Servius
450 1079 615 1129 memorat
634 1068 676 1130 ad
694 1065 824 1153 Virgilii
847 1069 947 1134 verba
969 1071 1134 1158 conjugis
1159 1072 1309 1156 antiqui.

299 1181 401 1248 «Aut
430 1183 565 1266 prioris.
596 1198 653 1248 aut
678 1184 756 1249 cari.
790 1185 952 1250 Lucilius.-
987 1187 1144 1252 Concilio
1167 1189 1309 1273 antiqu·

297 1304 437 1387 sapiens
461 1303 518 1363 eir
537 1301 625 1364 solu'
641 1299 769 1387 suisti.
793 1299 958 1386 Antiquuo
981 1317 1134 1389 ergooet,
1148 1305 1204 1389 qui
1218 1325 1307 1387 prae·

298 1421 382 1484 cedit
405 1441 502 1496 eum,
527 1420 584 1503 qui
606 1441 754 1502 praesens
775 1420 894 1486 esst.»
940 1419 1061 1488 Obesse
1078 1423 1209 1488 videtur
1232 1425 1306 1496 vir,

295 1540 351 1602 sed
383 1540 558 1622 legendum
591 1538 659 1602 sine
687 1539 789 1603 dubio
818 1542 969 1616 esseio,
994 1540 1149 1624 quiaoir
1170 1544 1308 1627 sapim

298 1657 351 1720 vix
372 1656 435 1719 dici
450 1655 505 1719 bic
522 1656 641 1739 potuit.
664 1657 780 1740 Itaque
794 1669 968 1742 postquam
989 1658 1098 1742 priore
1119 1658 1256 1724 oonsilio
1271 1660 1309 1723 de

298 1773 437 1838 summis
454 1773 628 1837 hominum
650 1774 748 1836 rebus
768 1774 989 1840 deliberatum
1002 1775 1038 1852 3,
1062 1775 1232 1860 leniumque
1252 1777 1310 1860 ju·

291 1893 443 1966 dicium,
477 1911 578 1974 qnam
603 1905 774 1974 parerat,
807 1893 957 1958 austeris
992 1893 1059 1958 Diis
1086 1895 1191 1958 latum
1220 1906 1306 1968 erat,

299 2009 486 2093 poenitebat
509 2007 637 2082 iorem,
655 2029 688 2072 se
706 2030 772 2072 non
789 2010 936 2086 affuisse,
954 2032 992 2075 ac
1013 2011 1213 2094 reprehensis
1231 2012 1307 2076 reli·

289 2149 443 2212 quorum
467 2126 695 2191 coelicolarum
713 2127 899 2203 sententiis,
921 2129 1026 2192 solam
1039 2128 1134 2192 unius
1146 2127 1229 2204 Dei,
1249 2126 1305 2210 qui

178 2329 183 2338 Ι
296 2249 435 2312 severius
462 2245 652 2329 judicasset,
687 2245 876 2327 sapientiam
900 2246 1073 2329 probabat.
1120 2245 1225 2312 Causa
1247 2267 1307 2311 m·
1420 2281 1421 2290 κ

298 2381 389 2440 tem,
422 2384 481 2429 cur
513 2361 575 2426 sibi
603 2360 734 2444 Jupiter
751 2383 771 2426 a
791 2362 859 2426 Diis
879 2363 1133 2428 dissentiendum
1154 2375 1306 2448 putaret,
1420 2391 1421 2420 ι

289 2482 437 2547 nuncius
469 2483 510 2544 de
538 2480 647 2562 Lupi,
678 2479 737 2542 siri
763 2480 932 2544 iasinmosi
958 2495 991 2546 et
1017 2482 1164 2557 factiosi,
1186 2482 1251 2546 vita
1271 2481 1304 2544 in

299 2603 427 2666 eoelum
448 2601 590 2681 perlatus
610 2597 777 2663 efficiebat.
803 2597 904 2684 Cujus
927 2613 995 2664 tam
1007 2621 1143 2687 marem
1156 2619 1308 2664 assason·

294 2717 402 2784 stabat
435 2737 571 2782 morum
607 2716 855 2798 improbitatem
890 2731 923 2782 et
952 2718 1222 2802 turpitudinem,
1269 2729 1307 2780 ut

293 2836 453 2924 singulari
475 2835 635 2918 supplicio
658 2834 850 2900 vindicanda
875 2835 1080 2900 videretur4.
1126 2835 1167 2900 ln
1195 2833 1308 2918 primis

290 2977 377 3022 nero
397 2969 546 3040 spretum
567 2953 609 3019 ab
635 2953 695 3018 isto
715 2953 862 3018 Deorum
882 2957 1011 3020 cultum
1028 2955 1140 3031 subse,
1164 2955 1311 3040 mugno-

299 3077 396 3140 batur
427 3073 568 3158 Jupiter,
599 3073 688 3155 quod
718 3071 873 3154 suspicari
893 3071 969 3138 lieet
989 3093 1007 3136 e
1028 3071 1193 3138 Cioeronis
1216 3074 1307 3136 loeo:

300 3191 418 3276 «Quid
445 3195 485 3255 de
515 3189 695 3276 sacrilegis,
728 3189 807 3273 qnid
839 3191 879 3254 do
900 3190 1008 3274 impiis
1025 3189 1231 3276 perjurioque
1252 3189 1308 3254 di-

299 3310 431 3374 camus?

592 3463 637 3474 —
662 3425 816 3490 Tubulus
838 3431 872 3490 si
894 3427 1024 3492 Latoius
1044 3448 1218 3512 unquam,

342 3542 384 3610 Si
402 3546 521 3631 Lupus
537 3557 599 3607 out
618 3544 751 3620 Carbo,
779 3542 937 3631 Neptuni
946 3543 1079 3630 fliius,
1102 3581 1148 3592 —

301 3679 337 3727 ut
359 3663 404 3727 uit
429 3661 592 3733 Lucilius,
626 3672 782 3746 potasset
814 3682 882 3724 esse
910 3661 1020 3736 Deos,
1055 3673 1128 3725 tum
1140 3659 1313 3746 perjurus

333 3904 344 3939 t
385 3889 497 3955 Frngm,
519 3885 543 3954 i,
561 3904 587 3944 2.

336 4004 350 4034 a
388 3979 681 4043 A11Aen.tv,458.
720 3983 820 4032 Luci
831 3982 851 4034 1.
863 3983 909 4052 fr.
930 3984 983 4036 inc.
1002 3981 1047 4035 55.

334 4081 350 4128 3
387 4079 500 4146 Fragor.
522 4077 546 4141 i,
567 4095 591 4131 ι.

333 4175 350 4230 i
385 4173 430 4225 (Ὺ.
451 4177 473 4228 C
482 4177 492 4224 i
500 4193 523 4232 c.
544 4175 631 4234 Catil,
652 4175 676 4238 Ι,
698 4175 730 4226 13
746 4185 819 4234 extr.
