2888 4972
755 413 819 482 tot

292 591 333 654 ad
353 589 515 674 liquidum
538 589 665 652 videtur
690 591 894 671 perduxisse,
909 611 992 673 quaa
1013 589 1183 656 contrariis
1195 591 1306 654 erudi·

294 721 405 775 torum
428 707 593 772 cententiia
622 709 729 772 adhuc
761 709 885 772 incerta
916 707 1161 773 fluctuabam.
1197 705 1305 792 Quam

295 827 352 890 ubi
373 829 534 912 legeram,
559 809 750 910 persuasum
769 827 850 890 mihi
871 827 1049 902 habebam,
1075 827 1183 892 minua
1195 848 1308 914 gram·

291 943 402 1008 matici
423 944 597 1028 prudentia
621 965 723 1028 quam
748 943 851 1007 critici
870 943 993 1025 judicio
1016 956 1049 1006 et
1070 943 1306 1028 sagacitatere·

291 1081 368 1126 rum
392 1061 623 1126 obscuritatem
649 1061 801 1131 illustrari
827 1081 932 1142 poseo:
957 1061 1081 1142 quippe
1104 1081 1211 1148 quum
1231 1073 1306 1126 ante

292 1181 387 1244 illum
422 1180 558 1262 plurimi
593 1193 762 1244 accuratae
794 1178 962 1242 doctrinae
1003 1178 1062 1242 viri
1098 1178 1131 1242 in
1167 1181 1303 1244 eaodem

293 1299 515 1384 quaestionem
546 1297 767 1362 incubuissent
792 1310 825 1360 et
842 1297 1035 1360 aententiam
1068 1297 1233 1371 tulissent,
1267 1317 1305 1366 er

292 1439 392 1490 rana,
416 1430 453 1481 ut
478 1416 660 1491 videbatur,
685 1429 834 1488 veterum
854 1415 1307 1506 auctoruminterpretationa

292 1538 474 1618 profectam
507 1535 753 1618 eorundemque
786 1533 980 1599 auctoritate
1010 1535 1153 1608 fultam,
1181 1553 1303 1599 noram

293 1653 419 1724 invenit
450 1651 620 1720 Hermann
653 1651 834 1733 explicandi
872 1650 983 1725 rimo,
1020 1663 1089 1714 tam
1120 1650 1305 1734 aimplicem

293 1783 350 1846 ut,
374 1770 488 1854 quidni
512 1769 636 1833 ineam
656 1783 770 1852 sponte
788 1767 961 1832 inciderint
979 1769 1176 1850 auperioraa,
1189 1769 1306 1834 obstu-

291 1909 411 1972 pasoaa.
456 1887 613 1954 Versatur
636 1901 746 1952 autem
778 1885 984 1969 potissimum
1015 1886 1048 1948 in
1077 1887 1306 1973 distinguenda

293 2007 441 2072 Enniana
479 2016 513 2070 ct
546 2006 714 2071 Luciliano
740 2004 857 2080 satira,
891 2007 979 2090 quod
1003 2005 1177 2070 discrimen
1199 2007 1305 2090 maja

292 2126 407 2205 fuisse,
432 2145 533 2210 quam
556 2121 735 2188 existimari
763 2124 899 2197 soleret,
924 2121 1045 2186 docuit.
1093 2121 1217 2188 Ponam
1243 2123 1307 2210 igt-

290 2257 347 2307 tur
373 2264 508 2317 eorum,
527 2261 610 2328 quae
634 2242 687 2305 ille
706 2242 886 2324 praestitit,
909 2262 1099 2319 summam3
1125 2240 1306 2325 quibua,ai

291 2362 370 2448 quid
399 2362 666 2436 renascentiam,
692 2363 821 2425 addam.
868 2360 954 2425 Ante
978 2374 1088 2424 tamen
1119 2363 1160 2424 de
1189 2362 1305 2426 satirae

290 2479 414 2564 origine
431 2478 553 2561 aliquid
577 2481 779 2542 monendum
805 2479 944 2543 videtur.

334 2594 505 2674 Saturum
538 2599 672 2662 {uerunt
705 2611 738 2661 et
769 2611 845 2660 aunt
877 2599 933 2680 qui
956 2619 975 2660 a
997 2595 1124 2664 Gracco
1145 2602 1308 2665 vocabulo

290 2717 469 2782 derivatam
506 2729 623 2800 putent
636 2740 645 2794 ;
678 2715 807 2782 Vossiua
827 2738 846 2780 a
866 2725 1003 2800 σατήορα
1022 2719 1044 2782 i.
1067 2739 1095 2783 e.
1121 2727 1227 2803 σκάφη
1249 2727 1307 2807 ρο.

289 2841 409 2918 ratforr,
432 2835 624 2900 Doederlein
645 2835 687 2898 ab
715 2837 868 2919 nitidam,
891 2839 981 2918 quod
1004 2857 1023 2898 a
1045 2845 1174 2921 θορεῑν,
1200 2843 1307 2923 θρώσ-

289 2979 356 3019 κιιν
376 2953 473 3036 petit3
499 2953 586 3017 idern
610 2965 755 3018 caturam
778 2953 887 3036 primi
913 2954 1149 3040 significatione
1170 2977 1306 3041 compa·

289 3085 342 3137 rat
366 3093 442 3138 cum
465 3075 621 3156 ψαθυρὰ,
645 3071 838 3156 caditque&
864 3071 1049 3137 Maloeam
1072 3074 1140 3138 aliia
1164 3075 1306 3140 arbitra·

289 3189 337 3266 ri,
359 3210 425 3253 non
448 3211 511 3254 ease
537 3189 676 3254 verbum
702 3187 887 3262 Graecum,
918 3192 973 3256 aad
995 3193 1132 3277 antiquo
1152 3213 1306 3260 sermone

290 3305 407 3370 Latino
428 3307 576 3388 primum
605 3306 797 3392 aignificaaae
822 3307 885 3370 cibi
907 3329 1009 3394 genua
1033 3331 1071 3374 ex
1091 3311 1188 3376 rariia
1209 3313 1306 3378 rebat

290 3423 470 3488 conditum.
520 3422 664 3490 «Satura
686 3439 750 3502 eat,
779 3426 822 3489 ait
847 3424 968 3504 Varro,
994 3428 1050 3491 ubi
1072 3449 1136 3493 uva
1158 3451 1253 3513 parea
1273 3445 1305 3496 et

288 3545 420 3628 polenta
442 3554 476 3606 et
501 3545 604 3608 nuclei
634 3543 719 3626 pinei
744 3565 782 3606 ex
810 3547 916 3609 mulso
944 3549 1122 3630 conspersi:
1160 3553 1202 3614 ad
1228 3554 1305 3616 hacc

290 3747 569 3764 m

327 3872 335 3902 ι
377 3857 407 3909 C.
437 3858 470 3908 F.
497 3863 703 3914 Hermann
731 3861 813 3928 Diap.
840 3859 873 3924 dc
890 3862 999 3912 satirae
1020 3859 1104 3912 Rom'.
1131 3875 1252 3914 auctora
1268 3880 1305 3914 aa·

288 3954 430 4000 ceratenria
447 3957 517 4004 Hor.
539 3953 629 4005 Serm.
648 3952 673 4014 Ι,
696 3969 738 4014 ιο,
759 3954 802 4009 66,
823 3953 964 4021 blarburgi
986 3957 1063 4009 1841.

325 4063 339 4097 2
380 4047 490 4100 Vasa.
520 4051 606 4118 Etym
650 4051 1019 4121 Valp.decat.11at.p
1048 4057 1074 4106 4.
1108 4055 1303 4107 Doederl-

290 4141 355 4203 βπ.
382 4141 532 4211 Synouym.
554 4137 593 4196 Vi
615 4163 643 4210 p.
661 4142 720 4215 519.
