2894 4986
783 336 826 397 3⁰

295 511 459 578 incertum
477 527 533 578 eet.
558 511 711 598 Suspicor
733 534 826 589 earn,
849 534 950 600 quam
972 509 1096 577 Nonius
1118 527 1299 587 memorat,

296 653 364 698 non
391 635 538 698 multum
569 631 766 699 antecessisse
798 632 922 698 bellum
957 631 1134 699 Marsicum
1151 634 1303 698 ool-666

298 748 469 841 (90-88),
490 750 647 838 quoniam
674 753 741 837 ejus
754 751 957 816 mentionem
980 774 998 817 e
1015 765 1134 836 quarto
1153 749 1306 818 Sisennae

294 873 505 940 historiarum
527 873 614 940 libro
635 873 773 957 repetit,
794 894 861 959 quo
873 872 954 940 illud
969 874 1093 938 bellum
1105 870 1304 956 descriptum

295 1013 358 1058 esse
381 1013 398 1058 e
418 989 610 1079 fragmentis
632 1004 736 1075 putet.
770 992 875 1059 Video
896 992 1064 1059 Pernicem
1086 993 1306 1058 Duusaecon-

295 1113 412 1180 sentire
431 1113 534 1189 ineo,
561 1115 649 1198 quod
664 1111 783 1178 Lucilii
806 1116 879 1179 loco
897 1118 1004 1202 legem
1027 1111 1243 1201 Calpurniam
1264 1112 1305 1175 de

296 1231 424 1297 ambitu
445 1229 622 1318 significari
633 1243 737 1315 putet.
773 1231 885 1317 Neque
898 1233 1069 1300 reseratio
1081 1248 1150 1311 est,
1163 1249 1306 1299 currem

295 1350 331 1414 in
362 1349 504 1414 dubium
535 1369 697 1416 vocemus.
732 1348 863 1414 Etenim
881 1349 935 1416 uix
957 1349 1030 1416 fieri
1046 1371 1135 1437 posse
1154 1350 1306 1429 videtur,

296 1482 335 1534 ut
355 1473 486 1550 praeter
509 1487 594 1531 eam
623 1469 690 1531 ulla
718 1488 737 1531 e
764 1467 877 1534 ceteris
911 1467 1018 1533 tribus
1040 1489 1141 1532 sasso
1163 1466 1306 1533 dicatur.

297 1586 441 1662 Contra,
465 1605 549 1670 quae
570 1588 635 1651 lata
655 1598 702 1650 est
718 1586 759 1649 de
770 1584 919 1662 ambitu,
938 1587 1151 1649 severissime
1170 1587 1308 1672 scriptu

298 1703 450 1770 Ciceroni
482 1705 654 1769 vocaturt.
700 1699 775 1787 Quo
802 1723 879 1767 vero
901 1702 1006 1790 magis
1028 1702 1113 1768 mihi
1132 1707 1310 1787 persuade·

298 1847 353 1891 am
374 1827 459 1890 hanc
484 1843 558 1900 esse,
581 1843 683 1907 quam
695 1821 774 1886 velit
793 1817 953 1899 Lucilius,
972 1821 1051 1887 lacit
1067 1821 1225 1907 posterior
1239 1824 1309 1908 ejus

299 1965 430 2019 versus,
460 1943 551 2026 cujus
573 1939 629 2005 hic
651 1953 697 2006 eet
720 1960 847 2005 sensus:
871 1961 1007 2004 saevom
1030 1941 1137 2030 legam
1153 1941 1309 2028 Calpur-

299 2065 399 2128 sss'am
420 2056 690 2148 reprehendendo
713 2069 853 2122 tontum
874 2079 944 2122 nost
964 2061 1092 2123 mortis
1099 2081 1227 2147 poenos
1242 2060 1308 2126 ἰαί.

298 2180 432 2246 Possunt
465 2179 526 2246 ista
556 2178 654 2245 rerba
679 2176 766 2243 dicta
790 2174 968 2262 intelligia
1002 2175 1081 2262 legis
1113 2175 1311 2260 Calpurniae

300 2299 491 2376 dissuasor-e,
516 2302 646 2364 sortasse
667 2298 701 2364 P.
722 2295 862 2363 Servilio
882 2295 1024 2363 Globulo
1046 2297 1072 2364 ².
1117 2297 1201 2366 Nam
1226 2321 1312 2366 con·

298 2430 360 2483 stat
394 2438 461 2483 non
495 2417 563 2483 sine
592 2417 682 2504 gravi
705 2417 852 2481 tumultu
876 2437 914 2481 ac
936 2417 1081 2500 pestium
1102 2417 1311 2486 contentione

299 2559 339 2601 ex
371 2537 458 2604 SCto
483 2540 584 2603 letam
614 2534 768 2602 ePisone
800 2557 863 2602 cos.
884 2534 997 2612 fuisse,
1029 2557 1130 2620 quern
1151 2534 1310 2602 novimus

302 2669 438 2741 propter
466 2652 715 2720 multitudinem
753 2650 953 2729 divisorum,
992 2651 1051 2738 qui
1076 2673 1135 2737 per
1157 2653 1228 2718 rim
1248 2656 1313 2719 ad·

300 2771 533 2850 versabantur,
571 2793 590 2836 e
621 2775 693 2836 foro
724 2774 890 2856 ejectum,
920 2770 1036 2837 deinde
1059 2773 1183 2858 majore
1205 2793 1311 2837 manu

298 2891 456 2977 stipatum
484 2890 527 2955 ad
549 2889 656 2977 legem
683 2886 789 2953 invito
807 2887 957 2971 populo³
986 2891 1213 2972 pertereudam
1234 2891 1309 2955 des-

300 3009 439 3075 cendisse
458 3006 486 3076 ⁴.
554 3006 603 3073 Ac
644 3009 748 3071 fertur
786 3003 921 3090 quidem
963 3019 1091 3071 senatus
1131 3021 1308 3090 propterea

300 3148 431 3192 summa
467 3120 671 3191 festinatione
693 3123 800 3208 legem
822 3119 1037 3205 Calpurniam
1057 3125 1224 3187 ferendam
1243 3145 1309 3190 cu·

300 3243 439 3320 rasisse,
457 3245 546 3329 quod
569 3239 608 3307 C.
630 3237 782 3306 Cornelio
796 3237 1043 3322 tribunoplebis
1058 3239 1156 3304 aliam
1165 3261 1306 3326 eamque

300 3497 385 3554 Anu.
397 3497 480 3553 Rom.
503 3493 545 3558 ll,
563 3493 637 3564 167.)
662 3492 781 3545 addens:
801 3493 899 3564 «quod
916 3493 951 3546 de
968 3492 1077 3547 auxiliis
1093 3493 1301 3564 intelligendum

300 3601 356 3646 est:
381 3607 436 3645 non
452 3589 591 3642 dissimilis
609 3597 650 3642 est
668 3589 760 3644 Gellia
783 3607 799 3639 s

335 3707 348 3745 ι
385 3693 443 3743 Pro
460 3691 536 3741 Mur.
556 3689 610 3752 25,
630 3688 675 3743 46.

335 3810 351 3844 s
385 3786 578 3840 monia
599 3783 707 3838 Comei.
725 3802 752 3853 p.
769 3785 815 3857 57.

335 3885 353 3937 ὅ
389 3886 465 3938 Cic.
483 3900 539 3953 pro
571 3885 653 3934 Corn.
670 3899 698 3950 p.
717 3883 761 3954 74.
789 3882 978 3953 Populus...
995 3881 1085 3953 legem
1103 3885 1224 3938 Cornelii
1232 3888 1302 3954 fla-

297 3980 431 4054 gitaban
449 3980 551 4043 illam,
570 3997 642 4050 quos
659 3999 693 4031 ex
713 3981 786 4032 Sero
794 3978 965 4052 serebatur,
985 3981 1163 4050 repudiabat.

296 4085 298 4092 ’
332 4077 350 4133 6
385 4075 690 4146 Idcorl.p.75.Cl'.
722 4077 799 4127 Dio
823 4077 923 4129 Coss.
943 4074 1209 4154 xxxvrnms.
