2888 4972
750 388 814 450 306

271 562 458 626 Tarentinis
493 564 673 648 amorisque
691 567 748 650 qui
770 565 998 630 Rhinthonicis
1015 565 1205 650 spectaculis
1230 565 1292 628 de·

272 685 492 759 lectorentur,
515 683 693 766 probatum
717 683 759 748 iri
778 687 890 770 jocans
911 685 1104 749 affirmabat.

319 801 367 866 Ex
404 802 465 865 hac
483 799 748 866 testimoniorum
769 816 920 867 ueterum
937 803 1185 890 investigatione
1209 817 1293 886 puto

274 920 485 985 nranisestum
516 923 609 996 sore,
640 921 792 986 audacius
817 921 1046 986 Herrnannum
1067 921 1227 997 statuisse,
1253 944 1291 986 ex

273 1062 306 1103 ae
341 1038 453 1103 emnia
476 1037 642 1102 Lucilium
672 1039 799 1124 petiisse
826 1062 933 1125 neque
964 1045 1072 1106 fulcro
1094 1041 1294 1106 extrinsecus

271 1171 406 1243 arrepto
439 1159 572 1244 eguisse.
619 1157 736 1224 Judicii
766 1160 856 1224 enim
885 1161 1029 1246 aequitas
1063 1160 1229 1244 postulat,
1255 1174 1294 1225 ut·

271 1299 350 1341 eum
380 1275 529 1342 dicamus
557 1278 714 1361 jur'enem
747 1281 954 1362 praeclarum
982 1279 1153 1366 ingenium
1178 1279 1293 1344 eluisse

272 1410 422 1460 ueterum
445 1395 581 1460 lectione
607 1411 645 1461 ct.
663 1397 830 1462 variorum
851 1412 1071 1463 monumenta
1090 1397 1291 1482 scriptorum

273 1515 447 1602 diligenter
472 1515 674 1599 pervolvisse
719 1514 820 1601 Quod
843 1529 955 1580 autem
980 1515 1291 1581 Horatiusomnem

271 1635 462 1718 pependisse
483 1633 525 1698 ab
547 1633 701 1717 antiquae
735 1634 922 1700 comoediae
946 1635 1134 1700 auctoribus
1166 1635 1291 1720 hosque

272 1763 421 1818 secutum
450 1773 514 1818 esse
532 1751 684 1834 scripsit,
708 1773 769 1819 nec
791 1765 960 1837 praeterea
984 1753 1182 1818 memorarit
1202 1769 1292 1818 cete·

273 1891 342 1948 ros,
360 1871 479 1956 quibus
498 1869 648 1935 similiter
660 1871 817 1936 studuisse
835 1873 1012 1936 censendus
1030 1885 1092 1948 cst,
1116 1874 1206 1936 haud
1226 1872 1295 1938 scio

273 2013 314 2054 an
344 2011 410 2055 non
438 2011 478 2054 eo
506 1993 633 2068 valeat,
656 2003 694 2055 ut
720 1994 866 2056 multum
890 2012 967 2056 eum
986 1990 1124 2056 absume
1142 1991 1291 2056 dicamus

273 2133 292 2174 a
319 2110 426 2174 servili
450 2108 632 2174 inritatione
664 2130 781 2174 eorum
807 2111 864 2194 qui
886 2110 1077 2176 senescentis
1098 2110 1132 2174 in
1153 2109 1291 2176 Graecia

273 2229 350 2294 artis
374 2232 522 2314 aequales
547 2231 598 2294 vel
619 2241 765 2294 auctores
784 2231 941 2303 fuerunt,
966 2242 1103 2306 contra,
1127 2229 1291 2315 quidquid

273 2349 314 2413 ab
336 2349 384 2413 his
409 2349 560 2432 petierit,
585 2349 630 2412 ita
650 2362 765 2431 suopte
789 2347 919 2434 ingenio
943 2347 1153 2431 expressisse,
1177 2362 1217 2414 ut
1229 2372 1293 2413 ns·

272 2481 383 2531 turam
398 2470 536 2531 referret
557 2467 763 2549 optimorum
783 2469 1012 2550 exemplorum
1032 2466 1141 2532 studio
1158 2482 1291 2532 auctam

273 2595 306 2650 et
339 2587 509 2669 adjutam,
537 2585 593 2649 sed
613 2585 705 2648 nulli
728 2584 804 2650 artis
822 2585 903 2649 curt
928 2584 1116 2668 expolitam.-
1163 2583 1291 2669 Super-

272 2718 318 2770 est
332 2752 340 2780 ,
365 2717 403 2769 ut
416 2703 617 2768 mentionem
629 2705 785 2769 faciamus
799 2703 913 2768 incerti
925 2703 1090 2786 scriptoris
1102 2699 1142 2766 ds
1153 2713 1291 2792 tragoe

271 2823 333 2888 dia
358 2836 389 2887 ct
412 2822 601 2899 comoedia,
626 2845 726 2908 quem
749 2823 802 2888 alii
813 2823 997 2899 Donatum,
1021 2821 1074 2886 alii
1085 2821 1288 2886 Euanthium

272 2957 412 3008 censent.
436 2941 559 3022 Locus,
585 2942 641 3026 qui
665 2944 706 3006 ad
719 2956 866 3006 nostram
878 2941 1134 3027 disquisitionem
1147 2943 1290 3024 pertine·

272 3085 307 3126 re
331 3075 478 3128 cernetur
491 3111 502 3141 ,
528 3063 625 3146 paul'o
637 3061 729 3126 aliter
740 3061 877 3145 scriptus
889 3059 1055 3125 invenitur
1067 3060 1102 3124 in
1117 3059 1238 3126 libello
1249 3058 1288 3126 ds

268 3181 499 3268 fabularum,
521 3178 692 3256 ludorum,
716 3179 956 3256 theatrorum,
977 3201 1156 3244 scenarum
1171 3203 1289 3244 accce-

210 3351 213 3358 .
271 3302 431 3364 nieorum
466 3302 615 3387 antiqua
640 3298 905 3376 consuetudine,
937 3321 977 3362 eu
1003 3301 1149 3386 optimis
1173 3312 1290 3365 aucto-

270 3419 371 3484 ribus
403 3419 564 3496 collecto,
600 3417 647 3484 od
679 3422 824 3486 comicos
843 3417 1002 3506 facilius
1026 3419 1290 3509 intelligendos.

272 3539 461 3624 Utruurque
485 3539 687 3604 describam:

776 3702 780 3772 p
827 3705 840 3730 e
851 3689 898 3735 Per
913 3687 1005 3746 priseos
1028 3689 1111 3748 poetas
1127 3703 1176 3736 uon
1192 3693 1293 3750 penitus

776 3775 780 3885 p
796 3769 854 3820 fictu
872 3779 1036 3838 argumenta,
1063 3779 1106 3824 sed
1122 3789 1160 3823 res
1175 3782 1258 3842 gestae
1276 3791 1292 3824 ι

302 3863 382 3912 «Fuit
411 3869 481 3912 retus
511 3865 643 3912 cornoedta*
661 3865 761 3912 Graecis
796 3863 890 3910 eternus
906 3865 989 3922 palam
1005 3875 1061 3910 eum
1087 3876 1172 3910 eorum
1196 3877 1290 3924 nepe,

270 3955 379 3998 sermea
401 3952 487 4010 dicto,
510 3953 567 4008 quin
585 3955 645 3998 essct
665 3952 695 3997 dc
716 3964 762 3997 no-
777 3970 780 4017 p
796 3956 839 4009 qur
857 3959 989 4017 gesserant,
1009 3955 1105 4000 nominc
1121 3953 1295 3998 conmutan-

270 4043 309 4090 liis
326 4053 415 4100 piarum
436 4039 627 4103 cognitisrltils:
645 4041 761 4086 ttemctt·
798 4045 846 4086 tur.
882 4041 938 4088 ideo
963 4043 1014 4099 ipsa
1041 4053 1085 4087 suo
1112 4047 1220 4100 tempore
1237 4053 1294 4088 mo-

270 4141 312 4176 uns
334 4137 492 4188 attolimus,
508 4128 566 4186 quia
582 4129 669 4176 inesset
691 4128 716 4174 in
732 4139 761 4174 cn
797 4129 865 4178 ribus
901 4131 1005 4178 inultum
1041 4127 1132 4189 proruit
1165 4129 1294 4185 crs-tum.
