2894 4986
775 405 817 469 76

296 588 485 674 opinionum
512 608 549 650 ac
571 585 803 649 sententiarum
821 583 1034 668 pravitatibus
1059 596 1092 647 et
1112 579 1296 658 erroribus,

293 729 360 774 non
382 707 502 772 suimet
526 725 626 790 quam
647 703 832 788 aequalium
850 702 1103 785 reprehendendi
1124 702 1297 789 negligen-

292 827 356 892 tior
380 826 509 903 esset¹,
543 827 632 888 hunc
657 843 721 907 qua
745 822 867 887 ratione
887 822 1033 886 dicamus
1051 821 1133 886 Deos
1154 821 1297 904 vilipen·

291 943 371 1010 disse
400 957 434 1009 et
463 942 607 1008 divinam
641 941 879 1025 providentiam
911 938 1065 1005 irrisisse?
1108 937 1171 1007 Vel
1196 941 1295 1005 fallor

290 1063 462 1149 equidem.
487 1064 537 1127 vel
560 1059 711 1126 Horatius
730 1059 857 1145 parcior
871 1059 1056 1125 Lucilianae
1076 1058 1202 1125 virtutis
1217 1061 1295 1124 lau·-

288 1185 382 1249 dator
404 1181 523 1246 suisset.

331 1298 419 1366 llaec
457 1321 560 1384 pauca
589 1301 630 1364 de
663 1297 781 1364 Lucilii
811 1299 918 1363 indole
942 1297 1036 1362 nobis
1066 1295 1295 1364 innotuerunt.

289 1418 375 1485 Ante
399 1436 475 1482 vero
495 1437 595 1501 quam
616 1417 655 1481 de
679 1417 746 1501 ejus
759 1414 889 1502 ingenio
908 1414 1095 1492 videamus,
1117 1415 1198 1501 quid
1217 1414 1293 1480 llo-

288 1535 411 1610 rau‘us,
444 1535 618 1620 sepinatis
641 1554 719 1598 eum
749 1532 883 1597 nomine
900 1531 1107 1616 appellans²‚
1135 1533 1292 1610 voluerit,

288 1652 520 1737 inquirendum
543 1663 600 1716 eat.
630 1649 785 1716 Sanado
815 1664 848 1714 et
863 1649 1086 1715 Heindorii
1099 1651 1145 1716 ita
1163 1651 1292 1716 dictum

287 1783 467 1855 putarunt,
493 1770 570 1855 quia
598 1791 665 1834 nou
690 1791 783 1835 ausus
808 1782 877 1834 erat
906 1771 1042 1834 eandem
1071 1789 1143 1836 rem
1164 1783 1293 1835 tentare

286 1910 389 1973 quam
418 1887 540 1954 Ennius
563 1890 759 1972 perfecerat,
784 1890 839 1953 aed
861 1900 1019 1972 tanquam
1037 1890 1179 1973 ejusdem
1209 1910 1293 1973 per-

285 2029 382 2073 sonae
412 2005 581 2097 (Scipionis
604 2003 749 2092 majoris)
783 2009 918 2071 alteram
946 2020 978 2072 et
997 2006 1184 2072 inferiorem
1209 2029 1293 2094 par·

284 2139 353 2190 tem
376 2139 526 2213 gesserat.
572 2123 664 2211 Quae
695 2125 830 2210 quidem
854 2125 1044 2210 explicatio,
1066 2148 1175 2193 errore
1192 2129 1290 2205 nixa,

285 2245 456 2332 aVarge
489 2248 617 2331 explosa
633 2258 700 2323 est;
738 2245 795 2329 qui
819 2248 1032 2332 sapientium
1055 2247 1289 2332 interpretatur

285 2385 399 2428 curam
431 2364 584 2448 inopere
614 2365 761 2427 noudum
795 2362 944 2428 inchoato
966 2385 1004 2428 ac
1028 2368 1174 2452 neglecto
1196 2367 1290 2450 posi·

284 2495 364 2546 tam.
404 2481 577 2566 Ddring,
610 2484 699 2565 quod
728 2482 888 2565 sapienter
919 2483 1021 2548 vitam
1044 2483 1200 2569 Scipionis
1226 2487 1289 2552 sibi

283 2599 527 2664 describendam
546 2599 679 2676 sunrsit,
696 2601 838 2684 exponit.
878 2600 1029 2667 Horatius
1046 2623 1124 2668 varo
1142 2603 1290 2670 aliolooo

282 2719 422 2806 sapiam
450 2718 587 2802 explicat
616 2717 813 2806 Ρνιιιίωυῧ,
845 2739 912 2806 qua
944 2721 1175 2809 significatione
1203 2721 1289 2788 nihil

282 2841 386 2904 altero
404 2840 475 2902 loco
496 2838 735 2903 convenientius
756 2852 812 2904 est.
838 2837 901 2904 Sed
919 2841 1093 2924 prudentia
1104 2841 1168 2919 illa,
1179 2863 1287 2930 quum

282 2958 425 3022 indolem
461 2967 605 3040 spectare
635 2978 702 3021 non
731 2956 901 3035 videatur,
923 2959 1026 3044 qualis
1058 2980 1095 3025 re
1115 2983 1192 3028 vera
1222 2963 1288 3028 ba·

282 3077 389 3142 beuda
413 3075 476 3152 sit,
505 3075 654 3158 deinceps
673 3075 873 3141 docebimus.
919 3078 992 3144 Alia
1015 3091 1101 3144 certe
1117 3081 1202 3159 suit,
1220 3103 1287 3168 qua

281 3194 390 3260 Laelio
421 3215 603 3283 cognomen
631 3197 804 3281 sapimte'e
838 3194 1002 3262 tributum
1028 3198 1070 3264 ab
1098 3202 1287 3288 aequalibus

317 3527 327 3563 r
369 3509 458 3578 supr·
476 3527 503 3578 p.
521 3529 550 3584 7,
569 3512 613 3569 66.
649 3513 813 3584 luterpretie
837 3518 1000 3570 rerbaeuut
1021 3518 1055 3569 ad
1072 3516 1102 3572 b.
1119 3515 1140 3570 l.
1167 3517 1285 3574 Dicitur

283 3605 416 3659 Lucilius
442 3607 531 3658 vitam
556 3625 638 3660 suam
659 3613 803 3682 acrzpeiese
828 3623 858 3664 et
885 3613 1014 3667 nonsibi
1034 3615 1204 3687 pepercisse.
1239 3616 1286 3670 Cs-

282 3707 414 3756 Dousa
430 3720 459 3771 p.
477 3719 522 3758 ao.

316 3819 332 3854 a
369 3803 433 3857 Set.
453 3799 495 3863 11,
515 3817 542 3864 r,
564 3816 606 3870 ¹7·

314 3897 332 3949 ὃ
365 3901 421 3968 Bp.
439 3897 465 3962 l,
485 3901 529 3962 16,
548 3897 594 3952 30.

398 3999 779 4070 cumpatsrieeapiene
809 4003 1124 4077 emendatusque
1140 4009 1256 4072 vocati,

393 4095 589 4163 Respondeane
607 4106 679 4163 tuo,
696 4097 744 4152 dic
759 4100 856 4166 aeder,
875 4103 1011 4156 nomine?
1028 4127 1059 4143 -
1078 4104 1183 4174 Nempe

398 4188 1058 4265 Virbonuaetprudenadicidelector.
