2894 4986
618 421 661 484 75

138 610 198 662 aut
225 595 358 662 beatam
379 597 562 662 existimare
585 598 679 675 licet,
701 597 883 682 plurimum
899 619 975 664 sane
993 599 1082 664 abest
1105 613 1143 664 ut

138 716 315 782 desiderari
335 717 434 801 possit
465 717 500 780 in
530 738 589 795 eo,
623 717 681 804 qui
703 720 853 802 exemplo
876 719 1062 805 aequalibus
1081 719 1146 786 suis

138 857 177 902 ac
206 834 421 918 popularibus
453 857 518 900 esse
551 835 686 902 nitatur.
733 833 865 902 Ceterae
900 836 987 901 enim
1011 837 1147 903 virtutes

140 954 353 1039 quantumvis
388 955 588 1038 praeclarae,
618 956 791 1042 languente
813 967 869 1020 aut
891 955 1059 1022 deficiente
1078 955 1147 1040 pie·

140 1084 217 1148 tate,
245 1092 312 1137 non
338 1086 530 1138 ornamento
541 1093 622 1150 suo,
643 1075 697 1138 sed
709 1073 867 1157 praesidio
884 1095 922 1139 ac
938 1076 1027 1140 velut
1041 1073 1149 1142 radice

142 1204 266 1256 carent.
312 1189 423 1256 Verba
454 1204 564 1256 autem
586 1204 663 1256 sunt
681 1189 852 1269 Lactantii‚
875 1191 1022 1258 Herculis
1039 1192 1150 1276 turpi·

143 1309 293 1372 tudinem
315 1309 518 1374 detestantis:
555 1307 673 1395 «Quid
686 1323 748 1386 tu,
770 1309 896 1394 inquiet
914 1310 1049 1396 aliquis,
1066 1315 1150 1396 pot·-

146 1426 228 1491 titne
252 1429 451 1492 credendum
468 1426 591 1511 putas?
635 1425 757 1512 Quidni
781 1428 921 1512 putem?
965 1427 1038 1494 Non
1060 1429 1150 1494 enim

146 1545 205 1610 ista
237 1545 380 1610 Lucilius
401 1560 513 1612 narrat
532 1560 589 1613 aut
609 1547 791 1624 Luciacus,
810 1548 867 1632 qui
891 1548 957 1614 Diis
980 1569 1018 1614 ac
1039 1548 1152 1613 bomi-

144 1663 241 1728 nibus
274 1683 343 1729 non
359 1664 525 1748 pepercit3
546 1667 602 1730 sed
620 1664 654 1729 hi
671 1665 898 1749 potissimum,
922 1665 981 1750 qui
1004 1665 1151 1731 Deorum

146 1783 256 1847 laudes
284 1782 442 1848 canebant
456 1781 483 1848 ¹.
498 1802 517 1843 o
562 1780 649 1868 Quid
677 1783 836 1867 apertius,
865 1804 966 1868 quam
998 1783 1153 1849 similitu-

147 1901 260 1966 dinem
292 1901 455 1966 Lucilium
476 1901 559 1966 inter
576 1914 609 1966 et
631 1902 813 1967 Lucianum
837 1901 902 1967 istis
921 1901 1028 1968 uerbis
1045 1901 1154 1968 conti-

149 2020 242 2097 neri,
272 2041 356 2104 quae
387 2021 494 2085 neutri
523 2020 609 2085 laudi
630 2041 695 2086 esse
718 2020 893 2086 rideatur?
938 2020 983 2086 At
1004 2041 1082 2088 vero
1101 2041 1156 2085 ae·

150 2139 246 2224 quius
274 2139 342 2204 sine
364 2138 464 2203 dubio
491 2139 531 2203 de
556 2151 698 2224 utroque
710 2139 856 2224 judicare
877 2159 939 2224 par
954 2151 1012 2206 est.
1057 2137 1155 2225 Quod

150 2258 239 2322 enim
279 2278 385 2341 neque
408 2257 595 2323 hominibus
617 2279 678 2324 nec
697 2258 765 2323 Diir
786 2258 964 2343 pepercisse
985 2258 1156 2334 dicuntur,

153 2376 197 2442 ita
228 2375 512 2459 interpretandum
536 2389 575 2441 ut
597 2376 753 2454 dicamus,
775 2389 955 2463 utrumque
977 2375 1079 2442 inanis
1098 2395 1158 2441 no-

154 2495 290 2580 xiaeque
323 2494 579 2579 superstitionis,
608 2515 692 2581 quae
716 2495 891 2561 hominum
915 2494 1044 2582 ingenia
1061 2515 1160 2560 men·

154 2627 267 2700 terque
299 2614 480 2698 occupabat
510 2634 548 2678 ac
577 2614 852 2701 praestringebat,
870 2614 1065 2680 adversarios
1081 2614 1161 2680 fuis·

156 2753 209 2812 se;
243 2753 328 2818 quae
357 2732 403 2796 illi
438 2745 626 2797 commenta
653 2733 792 2798 ridentes
813 2746 912 2818 atque
931 2734 1160 2817 explodentes,

154 2851 319 2936 simulque
339 2871 410 2927 eos,
432 2849 490 2938 qui
524 2851 716 2916 commentis
736 2850 802 2916 istis
826 2850 958 2936 plebem
979 2849 1163 2916 obruebant

158 2969 283 3055 ipsique
312 2969 507 3035 tenebantur
536 2983 569 3038 et
597 2989 675 3034 cum
706 2969 768 3035 sibi
795 2983 869 3035 tum
886 2969 1084 3054 reipublicae
1102 2971 1164 3034 de·

159 3090 317 3156 trimento
333 3103 448 3167 erant,
476 3089 692 3177 exagitantes,
710 3092 798 3155 haud
822 3110 898 3155 sane
920 3090 1034 3154 leviter
1057 3089 1165 3154 cultus

159 3209 259 3275 divini
284 3207 407 3293 publici
428 3208 644 3274 emendationi
673 3211 839 3274 consulere
856 3206 991 3272 voluisse
1011 3206 1163 3272 censendi

47 3393 51 3402 ,
161 3340 246 3393 sunt.
293 3329 403 3413 Atque
427 3326 574 3405 etiamsi,
591 3363 637 3376 —
657 3328 746 3428 quod
766 3346 974 3410 nequaquam
999 3325 1106 3410 liquet
1120 3361 1166 3375 -

165 3461 200 3512 ut
231 3459 344 3531 postea
366 3445 522 3523 Horatio,
555 3445 680 3510 Lucilio
709 3458 839 3530 tempus
862 3443 929 3509 fuis
951 3464 1018 3530 quo
1033 3466 1167 3532 porcus

165 3563 317 3631 Dentrem
340 3563 454 3631 cultor
477 3576 509 3629 st
535 3563 736 3653 infrequens
758 3577 854 3640 esset,
872 3562 977 3651 magis
995 3563 1029 3628 id
1058 3584 1168 3648 popu·

166 3685 239 3749 laris
276 3683 438 3771 religionis
461 3686 701 3767 stultorumque
729 3681 984 3748 cerimoniarum
1018 3680 1167 3759 fastidio,

167 3823 265 3889 quam
283 3801 450 3887 impietate
474 3801 575 3866 animi
599 3803 723 3868 lactum
756 3801 908 3867 arbitror.
934 3797 1090 3866 Ceterum
1109 3797 1167 3885 qui

112 3913 119 3926 ’
169 3941 205 3987 ea
238 3923 301 3988 fuit
329 3919 450 4009 ingenii
474 3919 656 4007 aequitate,
692 3929 731 3987 ut
762 3920 796 3986 in
825 3917 994 4004 carpendis
1021 3939 1167 3996 morum,

208 4225 219 4262 t
254 4213 329 4264 lust.
346 4211 413 4266 Die.
432 4210 459 4278 l,
478 4229 506 4281 9,
523 4211 550 4266 8·
