2888 4972
676 208 689 254 t

751 313 815 374 216

273 484 390 567 auguri
410 484 595 550 subiratum
614 488 709 552 fuisse
730 489 895 553 Lucilium
918 509 1057 575 eamque
1069 511 1287 567 caummesse,

274 623 333 666 cur
352 604 460 668 minue
482 605 541 688 ipsi
554 606 625 683 sibi,
643 629 744 691 quem
759 607 928 685 voluisset,
950 609 1120 674 larniliaris
1139 610 1248 674 suiset
1260 611 1287 676 ¹.

279 719 374 787 Unde
397 735 497 806 patet,
519 743 585 788 non
604 727 675 808 pari
692 726 767 791 odio
787 727 913 792 habitos
932 728 974 792 ab
994 749 1032 792 eo
1047 725 1235 794 Scaevolam
1256 741 1290 792 et

275 839 434 924 Lupum,
456 843 511 906 sed
532 843 689 908 leviorem
709 847 744 908 in
761 846 857 910 illum
882 847 965 910 iram
983 847 1175 931 suscepisse,
1200 848 1289 911 hunc

277 973 479 1024 tantumnon
500 976 703 1026 exsecratum
724 984 798 1028 esse.
825 963 940 1049 Itaque
962 966 1051 1029 haud
1073 965 1139 1030 scio
1159 986 1201 1029 an
1223 984 1289 1027 non

276 1078 395 1142 rectius
416 1077 449 1144 P.
462 1075 638 1144 Mucium
654 1077 884 1147 Scaevolam
904 1083 1152 1168 intelligendum
1165 1103 1289 1146 censea-

275 1217 360 1272 mus,
381 1197 438 1282 qui
462 1198 614 1262 tribunus
634 1199 736 1282 plebis
748 1201 952 1286 rogationem
965 1201 1041 1265 tulit
1053 1203 1094 1265 ed
1107 1203 1290 1285 populum,

279 1316 438 1380 vellentne
461 1315 574 1400 quaeri
603 1318 644 1379 de
661 1317 699 1381 L.
725 1316 864 1383 Hostilio
885 1317 1036 1394 Tubulo,
1060 1318 1139 1402 qui,
1161 1331 1290 1400 praetor

278 1433 501 1516 quaestionem
526 1433 613 1497 inter
632 1434 761 1500 sicarios
781 1457 956 1512 exercens,
975 1435 1128 1519 pecunias
1151 1435 1194 1499 ob
1219 1455 1290 1499 rem

273 1523 483 1633 judicandam
514 1553 696 1634 accepisset.
743 1555 793 1616 Ac
820 1554 923 1640 magis
944 1574 1020 1618 sane
1037 1573 1214 1618 movemur
1235 1573 1289 1628 eo,

279 1671 369 1752 quod
398 1691 476 1732 eum
506 1669 682 1752 accipimus
715 1668 862 1736 invidisse
881 1686 915 1737 et
935 1672 1128 1736 obtrectasse
1150 1669 1290 1753 Scipioni

281 1785 402 1850 minori
415 1783 442 1850 ².
466 1784 559 1871 Quae
577 1786 748 1851 inimicitia
759 1789 848 1853 haud
860 1787 958 1853 dubie
971 1788 1104 1862 exstitit,
1117 1801 1290 1872 postquam

283 1901 333 1968 Ti.
358 1901 496 1968 Gracchi
521 1902 668 1986 partibus
691 1906 799 1969 lavere
824 1917 976 1988 coeperat
999 1901 1164 1969 Scaevola.
1209 1901 1291 1968 Nam

281 2021 529 2086 existimabatur
548 2043 626 2086 cum
646 2025 749 2087 iratre
770 2022 803 2086 P.
830 2021 945 2088 Crasso
964 2036 1079 2087 auctor
1091 2021 1292 2110 agrariorum

281 2143 394 2228 legum
413 2141 508 2206 luisse
518 2187 527 2218 ‚
539 2163 620 2226 quas
644 2141 697 2206 ille
715 2141 896 2224 pertulisset
909 2141 937 2208 3.
961 2141 1076 2228 Quum
1091 2162 1169 2206 vero
1181 2141 1293 2205 deinde

285 2280 348 2324 cos.
368 2281 396 2323 a.
423 2259 485 2322 621
527 2256 619 2346 (1³3)
658 2260 691 2322 in
723 2263 836 2324 aedem
866 2259 956 2325 Fidei
986 2259 1120 2344 publice
1144 2272 1293 2326 senatum

286 2392 488 2444 convocasset
508 2393 563 2454 ut,
585 2377 667 2462 quid
684 2381 754 2443 lieri
772 2392 950 2463 praestaret
973 2380 1129 2444 turbante
1158 2399 1295 2461 rempu-

286 2497 406 2561 blicam
417 2495 469 2560 Ti.
484 2493 650 2572 Graccho,
662 2497 896 2574 deliberarent,
906 2498 1080 2582 cunctique
1092 2495 1295 2570 censuissent,

287 2628 325 2678 ut
348 2635 410 2679 cos.
434 2614 533 2678 arnus
553 2615 794 2697 rempublicam
817 2627 980 2692 tueretur,
1002 2614 1177 2702 negavisse
1203 2611 1296 2697 quid·

288 2755 388 2818 quam
411 2733 442 2798 vi
465 2755 528 2796 esse
548 2748 712 2798 acturum.
759 2733 798 2798 ld
820 2733 969 2818 quamvis
990 2733 1145 2819 segnitiae
1169 2753 1206 2796 ac
1230 2732 1298 2794 lan·

289 2852 386 2941 puori
406 2854 473 2935 eJus
495 2849 661 2914 tributum
677 2873 742 2915 esse
761 2865 893 2935 pateat,
911 2865 1024 2916 tamen
1042 2849 1220 2924 credibile,
1247 2847 1299 2911 ni-

291 2973 335 3036 hil
355 2970 525 3036 violentius
544 2989 621 3032 eum
640 2972 747 3034 facere
769 2966 925 3045 voluisse,
949 2967 1105 3052 quoniam
1129 2967 1299 3037 Graccho,

290 3089 341 3152 cui
363 3087 535 3153 studuisset
556 3088 680 3162 adhuc,
702 3107 835 3168 parcere
859 3087 965 3151 vellet.
990 3081 1053 3150 Sed
1065 3085 1299 3149 detrectantem

290 3228 369 3270 eum
384 3205 546 3288 increpuit
563 3201 600 3269 P.
613 3202 721 3287 Scipio
733 3202 855 3268 Nasica.
882 3202 1057 3290 Quoniam
1070 3203 1211 3287 ,inquit,
1223 3223 1300 3265 con·

291 3323 361 3399 sul,
375 3321 457 3385 dum
459 3324 567 3409 juris
579 3321 734 3386 ordinem
745 3323 915 3409 sequitur,
934 3321 976 3386 td
985 3323 1078 3411 agit,
1089 3331 1131 3386 sel
1144 3341 1223 3386 eum
1235 3339 1301 3384 om·

292 3441 396 3505 ssibus
419 3441 554 3527 iegibus
578 3438 773 3506 Romanum
792 3443 982 3527 imperium
1004 3451 1160 3514 corruat,
1175 3446 1301 3528 egeras!

288 3563 457 3652 privatus
474 3558 652 3622 voluntati
665 3571 798 3623 vestrae
808 3581 860 3624 me
871 3557 989 3624 ducem
1002 3557 1118 3644 offero.
1144 3556 1194 3624 Ac
1217 3561 1303 3622 laeva

294 3699 396 3748 nianu
409 3689 503 3764 togae
514 3687 607 3762 parte
619 3675 832 3754 circumdata,
844 3677 1037 3760 sublataque
1049 3677 1165 3744 dextra
1175 3675 1303 3760 procla·

295 3829 449 3941 m
467 3890 496 3940 p.
516 3871 562 3925 lt.

330 3989 347 4027 ι
383 3973 458 4023 cte.
477 3972 510 4024 de
526 3973 600 4039 Jeep.
619 3969 644 4030 l,
665 3984 707 4038 19.

332 4071 348 4122 5
384 4069 438 4120 Id.
458 4067 549 4120 Arari.
570 4065 611 4130 ll,
632 4067 659 4130 5,
681 4067 722 4118 13.
