2894 4986
780 413 819 476 tl

299 591 496 655 consuetudo
528 592 670 664 leuaret,
704 603 775 654 tum
798 590 874 654 alioe
897 604 1008 654 nactur
1031 603 1079 656 eat
1100 589 1244 669 amicae,
1267 589 1300 654 in

297 707 414 793 quibua
432 709 528 774 cralo
550 707 782 773 Panaetium
806 707 901 772 suisne
923 709 1087 784 nondum,
1106 709 1302 784 arridetur,

296 827 437 892 Athenas
466 827 651 902 delulerat,
685 841 911 892 memorantur
946 839 1032 892 certe
1057 826 1096 892 L.
1120 825 1303 894 Licinius

296 939 1052 1020 craerueornornltutnue,Furnius,L.
1073 942 1304 1011 AeliueSti·

294 1065 349 1134 lo.
372 1061 597 1146 Q.Graniua
617 1083 744 1146 praeeo.
767 1061 1123 1137 PraetereuLaeliua‚
1148 1061 1296 1128 Arche·

293 1184 400 1257 laur,
431 1179 590 1248 Vettius
620 1193 653 1246 et
677 1178 719 1264 Q.
743 1179 1010 1246 Philocomue
1032 1182 1100 1265 ejus
1123 1181 1299 1248 familiares

292 1321 311 1364 a
345 1295 501 1364 Suetonio
532 1298 593 1364 diei
620 1311 778 1383 putantur
791 1297 818 1365 ⁹.
864 1299 1011 1385 Atquee
1043 1297 1145 1366 Graeai
1162 1299 1299 1385 quidem

291 1419 379 1502 apud
400 1415 590 1484 Ciceronem
615 1417 770 1494 rerbiess,
793 1418 926 1484 dioentie
952 1417 1116 1484 Lucilium
1128 1419 1299 1484 homiuem

292 1539 386 1604 llrisee
400 1535 569 1602 Scaevolae
590 1537 706 1624 auguri
726 1537 909 1602 subiratum
931 1537 1061 1623 tibique
1078 1551 1213 1623 propter
1226 1561 1300 1604 eam

292 1653 394 1738 ipram
420 1675 549 1719 caueam
577 1655 705 1732 minue,
729 1675 830 1740 quum
857 1655 911 1718 ille
937 1656 1055 1727 vellet.
1079 1654 1296 1731 familiarem,

290 1771 481 1859 intelligitur
494 1771 653 1838 amicitiae
669 1773 812 1838 nocuieae
822 1773 956 1858 quidem
975 1773 1161 1838 alieniorem
1179 1773 1297 1838 Lucilii

289 1910 309 1954 a
332 1887 483 1956 Scaevola
500 1890 673 1966 animum,
694 1909 760 1956 nun
777 1911 855 1956 raro
877 1889 1040 1956 sublatam
1058 1890 1163 1957 iniere.
1196 1891 1296 1956 Albi·

289 2029 386 2088 num,
406 2007 586 2086 Fundium,
607 2009 737 2075 Aelium
751 2007 911 2074 Stilonem
938 2023 1110 2095 propterea
1120 2008 1155 2076 in
1170 2010 1297 2076 amico·

287 2147 365 2193 rum
380 2147 519 2194 numero
526 2127 693 2213 ponimru,
706 2129 794 2212 quod
806 2147 858 2194 aue
869 2127 903 2190 in
914 2128 1015 2192 eatirie
1035 2128 1139 2194 amice
1150 2131 1295 2211 oompel-

289 2249 368 2312 latoe
385 2247 541 2312 videmur.
573 2245 699 2310 Primus
723 2245 793 2330 qnia
808 2245 906 2308 suerit
918 2290 927 2320 ‚
940 2265 1017 2310 oum
1031 2248 1139 2329 plures
1159 2265 1294 2310 memo-

288 2379 426 2440 rentur,
448 2362 575 2429 diffloile
595 2375 643 2428 eet
664 2363 767 2428 dictu.
791 2363 899 2429 Douea
910 2361 968 2448 Sp.
980 2361 1185 2430 Postumium
1196 2364 1292 2430 Albi-

288 2498 370 2545 num
402 2478 574 2565 iutelligit,
616 2479 673 2565 qui
706 2501 769 2547 eoa.
804 2480 943 2547 euml..
967 2478 1147 2564 Calpurnio
1179 2479 1294 2548 Pirene

288 2597 352 2664 luit
371 2597 436 2662 6⁰⁵
461 2595 573 2688 (tte),
597 2611 631 2663 et
651 2600 770 2664 multae
790 2599 947 2664 orationes
970 2599 1105 2684 aoriptar
1123 2599 1291 2685 reliquitt.

281 2717 506 2782 Brouklrueirn
528 2716 568 2783 Α.
600 2717 802 2783 Postumium
831 2717 1014 2796 Albinum,
1045 2720 1103 2804 qui
1140 2739 1204 2786 eoa.
1228 2720 1290 2784 fuit

277 2856 365 2902 ¹cum
403 2833 449 2902 lt.
481 2835 625 2902 Antonio
658 2837 723 2900 655
759 2833 844 2927 (99).
900 2841 1056 2902 Attamen
1084 2839 1192 2902 favere
1223 2859 1292 2902 non

287 2967 384 3043 negat
400 2955 526 3020 Doueae
545 2953 714 3037 opinioni,
735 2956 824 3040 quod
839 2965 886 3020 ert
905 2954 939 3019 in
954 2952 1115 3020 Ciceroni·
1127 2951 1251 3022 Catone
1261 2953 1290 3022 ⁵.

286 3071 360 3160 Qu'a
397 3072 430 3138 in
461 3093 497 3138 re
528 3071 671 3148 fallitur3
707 3092 785 3136 narn
822 3071 866 3148 ie,
900 3085 979 3136 teste
1007 3069 1148 3149 Liviot,
1183 3090 1290 3160 augur

285 3209 434 3260 mortuae
473 3206 522 3258 eet
562 3192 627 3256 etl
658 3187 773 3278 (180),
808 3188 973 3256 anteoeeait
1000 3211 1078 3278 ergo
1106 3193 1172 3276 ejue
1200 3213 1291 3258 more

321 3609 334 3652 t
372 3595 405 3650 Ρ.
426 3595 459 3646 G·
482 3593 565 3646 Van
585 3593 936 3664 hyndertdel’met.
953 3593 1044 3664 μὴ.

317 3715 334 3752 2
368 3690 747 3748 mahometanae.
779 3691 905 3762 Coujreil
933 3690 1102 3748 taetra·
1134 3693 1288 3749 Arche-

286 3797 385 3857 laou,
418 3791 675 3860 Vettiutqua
699 3788 961 3846 Philochorus

323 3891 339 3944 5
373 3894 419 3944 De
442 3893 524 3943 Orat.
545 3887 572 3952 l.
590 3888 635 3952 16,
655 3905 697 3958 72.

317 3986 335 4042 4
370 3987 417 4040 Aa
433 3989 562 4040 boob.
580 4002 607 4054 p.
626 3999 670 4056 99.

316 4083 333 4136 ⁵
366 4081 425 4145 111,
443 4099 471 4151 7.
507 4085 714 4137 Burmann.
732 4080 850 4134 Antinoi.
869 4085 936 4136 hat.
954 4081 981 4149 l,
998 4081 1058 4152 ⁵7⁰·

316 4183 332 4236 ⁶
366 4178 492 4244 lima.
