2894 4986
776 367 817 429 48

295 545 399 610 tulere.
443 541 539 630 Quod
567 543 592 608 si
616 542 766 608 audacius
788 543 914 609 dictum
938 544 1106 619 rideatur.
1128 543 1298 610 Panaetius

296 676 401 738 certe,
424 661 529 726 llomd
556 660 698 727 Athenae
713 664 875 745 profectur
893 671 931 726 ut
957 661 1129 746 Antipatro
1147 662 1296 730 Tarreuei

296 781 330 845 in
342 780 493 846 ‹Stoicam
509 783 653 847 scholam
673 784 873 857 saecularem
896 782 1123 848 Romanorum
1132 786 1295 868 juvenum

294 901 420 978 laudoe,
445 901 502 986 qui
524 900 585 965 cibi
607 900 705 965 studii
725 903 839 966 ardore
857 901 985 986 probati
1012 901 1161 978 iniereat,
1180 903 1296 968 eodem

293 1019 495 1107 propagarit.
541 1018 650 1104 Atque
678 1039 716 1084 ea
742 1019 876 1104 quidem
901 1041 996 1086 cansa
1013 1021 1112 1086 merit
1132 1018 1297 1086 Clitoma-

294 1139 375 1214 cho,
396 1136 567 1204 Carneadia
592 1137 762 1205 aucceeeori
780 1139 844 1203 625
860 1137 967 1229 (tae),
992 1151 1027 1203 ut
1050 1136 1215 1204 Lucilium
1226 1139 1298 1206 ein-

292 1256 398 1344 gnlari
415 1255 619 1322 dedicationis
641 1257 764 1322 honore
786 1271 927 1324 ornaret.

338 1373 424 1441 Cum
454 1375 502 1438 hie
527 1374 647 1460 igitur,
682 1396 762 1460 quor
798 1375 1070 1449 memoravimus.
1106 1375 1296 1462 aequalibus

293 1493 435 1558 Lucilius
479 1492 633 1557 amicitias
666 1491 747 1559 iniit.
805 1491 867 1559 Sed
909 1515 989 1560 num
1022 1494 1295 1560 administrandae

292 1610 488 1694 reipublicae
528 1631 640 1694 erpere
683 1611 761 1687 luit,
802 1611 859 1696 qni
900 1609 1094 1678 Numantiae
1125 1611 1293 1678 affuerat?

293 1727 427 1794 Moneor
449 1729 511 1793 hoc
539 1731 611 1794 loco
638 1728 737 1793 dubia
766 1731 930 1813 proferre,
962 1751 1045 1815 quae
1068 1733 1108 1796 ad
1130 1729 1293 1815 liquidum

292 1849 468 1932 perducere
485 1866 550 1911 non
583 1847 667 1912 licet.
713 1845 867 1934 Pighiue¹
894 1847 1001 1924 enim,
1026 1862 1154 1916 nectitur
1175 1870 1292 1914 eorum

291 1967 506 2043 cententiam,
535 1967 592 2051 qui
615 1987 674 2051 per
693 1967 857 2032 Lucilium
877 1968 1070 2034 cenatorium
1085 1971 1205 2034 factam
1226 1973 1293 2054 ejas

292 2085 449 2150 lamiliam
485 2097 518 2150 et
546 2087 587 2150 ad
617 2088 819 2168 capeceendcc
847 2087 982 2150 honores
1013 2097 1159 2150 evectam
1195 2086 1292 2158 suine

289 2215 487 2279 statuerent,
521 2204 578 2266 hoe
602 2223 679 2268 eum
702 2202 907 2289 magistratue
937 2203 1063 2290 guture
1093 2203 1292 2270 arbitratur:

291 2335 544 2406 quaesturam
558 2320 622 2386 627
639 2317 745 2409 (127),
766 2335 1003 2405 praeturam
1017 2323 1080 2388 667
1098 2320 1204 2412 (117).
1228 2319 1292 2390 Sed

291 2439 357 2503 aire
368 2439 415 2503 hie
429 2437 618 2502 muneribus
629 2458 665 2502 re
677 2459 754 2504 vera
767 2441 897 2504 lunctue
909 2453 966 2516 est,
983 2440 1050 2508 eive
1063 2439 1207 2524 privatur
1219 2441 1293 2506 llo-

289 2576 363 2620 mae
374 2555 472 2642 degit,
494 2558 633 2621 reseram
645 2557 735 2641 quod
746 2569 819 2640 poet
837 2556 915 2622 illud
930 2571 1058 2640 ternpus
1070 2559 1216 2628 accidiae
1228 2579 1293 2624 no-

289 2672 406 2740 vimue.
435 2672 571 2758 Legitur
583 2675 669 2756 apud
682 2670 871 2738 Ciceronem
885 2702 893 2738 ι
919 2671 1034 2742 «Nihil
1047 2675 1149 2762 magia
1160 2675 1288 2742 ridetur

289 2812 390 2876 qnam
413 2792 501 2876 quod
520 2792 1005 2875 ettpraetererapectationem:
1030 2793 1293 2878 cujuainnume-

287 2909 403 2976 rabilia
421 2921 497 2974 sunt
508 2910 672 2992 exempla,
697 2911 786 2974 ralut
806 2908 904 2994 Appii
918 2910 1051 2994 majoris
1063 2911 1146 2976 illiue
1158 2953 1168 2988 ‚
1181 2911 1240 2996 qui
1255 2913 1291 2978 in

285 3041 418 3105 ecnatn,
432 3048 537 3113 quum
559 3039 710 3113 ageretur
721 3029 761 3091 de
773 3029 856 3114 agric
869 3027 1005 3112 publicio
1024 3041 1057 3096 et
1069 3031 1109 3094 de
1120 3032 1190 3116 lege
1201 3029 1292 3096 Tho·

287 3147 356 3222 ria,
377 3159 410 3212 et
432 3156 637 3230 premeretur
661 3143 830 3210 Luciliue²
852 3145 894 3211 ab
917 3147 969 3223 iit,
993 3148 1050 3233 qui
1063 3169 1081 3212 a
1094 3150 1290 3232 pecoreejtre

287 3264 413 3348 depasci
440 3285 533 3349 agrae
566 3261 713 3347 publicae
743 3261 903 3330 dicerent:
946 3287 1014 3332 nan
1049 3277 1117 3339 eet.
1152 3265 1285 3349 inquit.

286 3383 424 3448 Lucilii
451 3405 554 3469 praue
580 3380 702 3466 illude
736 3383 893 3448 erratice
916 3383 1100 3471 (defendere
1122 3383 1291 3449 Lucilium

287 3499 469 3586 videbatur)
507 3523 568 3589 ego
585 3499 735 3566 liberum
753 3512 840 3588 puto
863 3523 956 3580 ecre,-
977 3523 1046 3589 qua
1071 3501 1184 3579 ludet,
1200 3523 1290 3588 pue-

285 3619 454 3686 cituri.»
500 3619 587 3683 llaec
612 3618 711 3702 Appii
729 3620 849 3697 verba,
867 3643 887 3684 a
908 3618 1041 3686 Caesare
1062 3635 1189 3686 oratore
1213 3623 1291 3686 lau·

319 3921 332 3962 t
370 3908 447 3961 Ana,
468 3905 528 3971 111.
544 3907 592 3974 31,
611 3923 659 3978 9ο,
677 3905 721 3976 96.

318 4019 337 4056 2
370 4000 851 4069 Ccdd.anullnc,Lucillnr‚
869 4021 931 4058 mcx
954 4003 1112 4070 Luculli,
1134 4003 1285 4059 Lucilli.

319 4099 336 4152 e
373 4103 450 4152 cre.
467 4103 501 4154 a
519 4105 597 4155 cnr.
628 4101 670 4164 u,
689 4115 738 4173 70,
761 4101 820 4155 at.
