2888 4972
756 359 820 423 224

293 551 351 604 tae·
373 549 549 620 tantopere
578 533 829 622 grassabantur,
860 547 900 600 ut
930 521 1111 619 jacentibus
1137 533 1171 596 in
1192 527 1309 615 publi·

292 677 371 722 cum
399 653 515 738 passim
540 652 769 730 cadaveribus,
805 652 862 736 qui
886 654 1099 728 funerarem,
1122 650 1308 716 deessent¹.

285 773 441 848 ,Asellus,
473 793 503 838 a.
528 773 592 836 615
618 769 712 861 (139)
739 769 891 836 tribunus
926 769 1028 852 plebis
1050 781 1198 846 creatus,
1235 766 1310 832 Sci·

291 889 381 974 pioni
405 889 494 954 diem
518 889 601 954 dixit
622 891 664 952 ad
688 883 883 972 populum.v
907 885 947 950 ln
972 906 1038 970 quo
1053 885 1177 969 judicio
1200 905 1308 970 quum

290 1027 349 1093 reo
380 1006 548 1092 objecisset
580 1008 722 1069 lustrum
757 1007 884 1068 malum
915 1016 1014 1086 atque
1038 1001 1173 1066 infelix:
1210 999 1306 1074 noli,

294 1125 403 1212 inquit
431 1126 507 1198 ille,
543 1125 703 1188 mirari.-
739 1125 774 1186 s's
810 1124 923 1196 assim,
946 1123 1009 1208 qui
1032 1132 1064 1184 te
1086 1142 1127 1184 ec
1149 1121 1307 1183 aerariis

286 1245 443 1318 exemit,
479 1242 635 1306 lustrum
669 1238 828 1305 condidit
863 1251 896 1304 st
926 1251 1069 1304 taurum
1092 1237 1305 1301 immolavit.

291 1359 421 1446 Quibus
443 1358 549 1424 verbis
574 1358 695 1440 carpsit
712 1355 939 1437 Mummium,
964 1357 1021 1442 qui
1045 1357 1135 1440 quod
1157 1354 1309 1442 ignomi-

291 1478 346 1542 nid
380 1499 400 1542 a
420 1475 572 1560 Scipione
593 1475 682 1540 illatd
707 1474 854 1542 Asellum
874 1478 1038 1540 levaverat
1057 1489 1091 1538 et
1114 1496 1153 1538 ex
1178 1472 1308 1540 aerariis

290 1607 478 1671 exemerat,
504 1593 676 1658 videbatur
694 1593 800 1677 ipsam
818 1592 983 1658 civitatem
996 1590 1153 1676 religione
1164 1589 1307 1655 obstrin-

285 1712 409 1778 nisset.
454 1710 636 1796 Quumque
662 1711 786 1774 Asellus
808 1731 922 1774 omnes
942 1708 1125 1793 provincias
1144 1708 1306 1790 stipendia

291 1842 478 1896 merentem
514 1849 546 1894 se
576 1849 762 1914 peragrasse
796 1828 1012 1914 gloriaretur,
1047 1847 1160 1914 agae,
1197 1825 1306 1910 inquit

291 1947 422 2033 Scipio,
442 1948 593 2013 asellum
614 1981 679 2023 -,
704 1946 878 2030 proverbio
898 1967 996 2022 usus,
1019 1965 1087 2030 quo
1110 1944 1307 2030 significaret

291 2089 429 2134 crassam
450 2069 518 2152 ejus
538 2049 766 2150 stupiditateni
775 2064 803 2130 3.
842 2063 992 2128 Pluribus
1010 2064 1160 2146 deinceps
1183 2063 1307 2127 oratiu-

291 2187 388 2250 nibus
421 2208 498 2250 cum
519 2205 558 2249 cc
587 2182 774 2268 Scipionem
807 2183 924 2269 egisse,
946 2181 1021 2246 inde
1030 2191 1185 2256 constat,
1217 2183 1305 2266 quod

290 2303 407 2387 quinta
427 2317 646 2367 memoratur.
692 2301 771 2385 Ejus
791 2300 961 2376 orationis,
985 2320 1089 2383 quam
1105 2320 1169 2383 pro
1188 2320 1223 2364 se
1247 2301 1308 2364 ha·

290 2420 364 2486 buit
383 2424 423 2484 de
446 2424 573 2496 multa,
596 2421 756 2503 particula
775 2433 944 2505 superest,
967 2440 1087 2504 quanm
1110 2417 1190 2502 quia
1213 2418 1307 2483 nobis

288 2539 389 2607 Atelli
413 2538 557 2602 indolem
594 2550 627 2601 et
656 2557 766 2603 mores
789 2539 968 2622 patefacit,
999 2538 1164 2622 integram
1180 2525 1300 2600 relere-

289 2676 385 2722 mus:
422 2653 578 2722 «Omnia
610 2657 720 2731 mma,
752 2655 896 2738 probra,
920 2655 1061 2742 flagitia,
1085 2674 1170 2738 quse
1192 2651 1307 2718 homi-

286 2795 350 2842 nes.
381 2774 521 2851 iaciunt,
554 2775 590 2839 in
621 2771 747 2838 duabus
779 2773 876 2838 rebus
898 2786 997 2848 sunt,
1033 2771 1307 2855 euticiamque

289 2894 462 2979 aequitii.
508 2890 633 2959 Utrum
659 2891 805 2954 defendis
829 2890 1013 2966 malitiam,
1036 2910 1079 2952 an
1102 2889 1307 2973 nequitiam,

289 3031 335 3076 sn
367 3023 551 3096 utrumque
581 3007 708 3073 simul?
753 3005 787 3073 si
819 3008 1001 3091 nequitiam
1037 3009 1214 3071 defendere
1242 3007 1307 3082 vis,

290 3127 380 3192 licet:
415 3131 471 3193 sed
502 3140 540 3192 tu
571 3127 605 3190 in
636 3147 704 3190 uno
737 3139 845 3190 scorto
868 3127 1029 3209 majorem
1052 3124 1229 3208 pecuniam
1246 3125 1308 3190 ab·

289 3245 452 3320 sumsisti,
475 3243 711 3331 quemquami
731 3264 831 3308 omne
847 3243 1107 3306 instrumentum
1123 3244 1219 3306 lundi
1245 3240 1306 3310 Ss-

327 3598 339 3637 t
383 3581 1134 3655 7a1.Max.tV,=,10.Ju1.otseq.c.8s.

285 3685 289 3692 '
326 3697 341 3732 a
379 3679 455 3732 cie.
479 3681 512 3730 de
535 3680 618 3732 Orat.
638 3679 677 3744 ll,
697 3679 744 3744 ⁶6,
763 3679 823 3734 268.
848 3677 952 3732 Mirum
973 3698 1037 3732 sanc
1057 3688 1111 3743 est,
1145 3678 1307 3747 Seiptom

291 3787 388 3844 negare
416 3793 431 3825 a
449 3793 478 3830 se
496 3769 637 3829 conditum
656 3777 774 3830 lustrum
792 3778 887 3842 inisse,
908 3797 992 3847 quana
1009 3773 1057 3829 alii
1074 3793 1136 3832 enm
1152 3776 1308 3832 condidisse

292 3870 395 3922 diserle
414 3878 558 3924 testentur·
590 3865 634 3923 Cf.
654 3891 714 3940 sup.
732 3890 760 3940 p.
781 3873 823 3944 73.

327 3967 344 4020 5
377 3971 396 4020 Ι
406 3969 433 4022 d.
443 3969 503 4023 eod.
514 3969 560 4034 tt,
574 3969 635 4024 258.
650 3969 830 4026 proverbium
843 3969 980 4026 Graecum
991 3977 1042 4024 est:
1061 3976 1081 4020 sl
1098 3975 1129 4030 pl
1150 3971 1225 4022 ’tvm
1243 3975 1309 4031 flate.

289 4066 434 4124 instaretis
453 4066 505 4111 liras.
