2888 4972
717 441 790 508 3⁰4·

258 618 371 686 dieers
403 620 535 686 salitus
565 621 695 698 fertur,
739 623 803 687 boc
841 639 918 687 toro
953 623 1149 708 scripsisse.
1192 611 1271 685 'lta-

256 760 323 826 que
354 741 507 805 nolumus
541 739 576 806 id
612 743 653 806 ad
686 737 800 806 vivum
838 753 998 817 resecare,
1039 754 1096 806 aut
1125 736 1269 824 experiri

136 911 141 924 .
256 859 421 944 numquid
452 861 494 925 ad
521 859 756 926 conciliandam
793 871 970 944 utramque
996 859 1191 924 sententiam
1209 879 1270 923 va-

257 980 332 1044 leat.
379 974 487 1044 Potius
513 971 727 1064 quaeramus,
755 979 781 1043 si
813 999 889 1044 vera
917 979 957 1043 sit
977 976 1133 1065 Madvigii
1162 977 1273 1042 inter-

255 1098 416 1182 prelatio,
452 1099 532 1183 quid
565 1095 705 1163 Siculos
735 1101 890 1183 loquatur
924 1098 1069 1162 Lucilius
1086 1099 1158 1183 jam
1176 1109 1271 1162 extra

256 1217 375 1300 positos
405 1218 485 1281 lines
511 1230 670 1293 remotos,
704 1219 754 1282 vel
783 1237 866 1302 quae
888 1237 981 1282 causa
1006 1214 1143 1293 fuisset,
1170 1237 1233 1281 cur
1251 1239 1273 1280 a

181 1390 187 1401 .
256 1331 406 1418 Scipione
434 1348 467 1400 et
494 1335 618 1400 Rutilio
647 1355 705 1403 sua
725 1336 788 1423 legi
804 1337 925 1412 nollet,
950 1352 1030 1420 quos
1053 1333 1180 1400 Graeca
1202 1355 1270 1399 non

256 1454 365 1520 minus
388 1454 531 1520 calluisse
550 1475 652 1540 quam
674 1453 883 1532 Tarentinos,
908 1466 1021 1519 contra
1039 1455 1165 1518 facilius
1183 1439 1270 1518 nlix-

257 1585 331 1638 tam
351 1573 492 1659 utrique
516 1573 628 1660 lingua
640 1593 826 1639 sermonem
839 1593 1012 1649 excusasse,
1033 1593 1117 1637 unus
1130 1573 1271 1658 quisque

256 1692 409 1758 censebit.
454 1691 527 1758 Non
546 1693 648 1780 igitur
667 1693 828 1759 sufficiunt
849 1693 922 1770 illa,
945 1705 983 1758 ut
997 1693 1098 1782 :nobis
1122 1705 1272 1769 constet,

256 1832 316 1876 cur
340 1810 483 1876 Lucilius
504 1811 706 1888 Tarentinis,
731 1809 937 1878 Consentinis
951 1824 984 1876 et
994 1808 1110 1876 Siculis
1121 1811 1272 1896 scscrip-

256 1929 329 1995 sisse
353 1930 533 2016 affipmarit.
557 1927 711 2014 Suspicor
730 1929 904 2015 equidem,
928 1943 1102 2014 propterea
1124 1932 1185 1996 hos
1196 1951 1271 1995 me·

256 2064 400 2114 moratos
426 2049 467 2114 ab
499 2070 538 2114 eo
554 2049 668 2126 fuisse,
692 2051 780 2135 quod
800 2047 980 2115 similitudo
1004 2051 1166 2134 quaedam
1184 2051 1273 2116 inter

257 2169 769 2256 bilarotragoediam,quae,
781 2157 916 2234 Tarenti
936 2183 1018 2247 orta,
1036 2188 1097 2254 per
1113 2169 1270 2234 finitimas

172 2273 175 2281 ¹
257 2289 403 2376 regiones
412 2285 522 2372 ‘atque
542 2288 575 2352 in
594 2278 737 2354 Siciliam
761 2301 941 2375 propagata
958 2287 1269 2364 est,etsatiram

258 2419 407 2472 exstaret.
432 2403 571 2492 Negavit
594 2404 763 2470 Hermann
779 2408 881 2483 hanc,
910 2419 949 2471 ut
968 2407 1125 2472 aLucilio
1137 2421 1272 2472 auctore

259 2527 405 2610 profecta
430 2534 502 2603 est,
525 2525 566 2589 ad
589 2525 871 2609 parodiarum
896 2521 999 2613 genus
1021 2526 1137 2590 referri
1157 2545 1270 2610 posse,

258 2643 416 2728 quoniam
450 2663 510 2707 nec
542 2643 728 2729 bagmenta
750 2665 811 2708 nec
831 2656 980 2710 veterum
1001 2641 1188 2709 testimonia
1211 2667 1273 2709 nec

252 2761 412 2828 carminis
429 2761 550 2826 indoles
570 2757 820 2828 similitudinem
832 2763 979 2846 aliquam
992 2765 1180 2828 ostendant:
1205 2763 1273 2829 llo-

257 2882 336 2947 ratii
358 2893 471 2945 autem
499 2892 532 2944 at
556 2873 658 2944 Gellii
678 2869 894 2946 testimoniis¹
919 2895 1051 2946 tantum
1068 2881 1204 2957 tribuit,
1234 2895 1274 2948 ut

256 3011 394 3079 statuat,
432 2999 620 3076 Lucilium,
655 3021 804 3064 sommae
837 3000 995 3066 libertatis
1022 3001 1191 3087 exactique
1208 3005 1269 3087 ju·

257 3120 335 3186 dicii
365 3113 559 3195 hominem,
594 3139 700 3205 quum
732 3118 882 3183 universa
901 3120 1087 3205 aequalium
1105 3117 1186 3184 vitia
1209 3120 1270 3184 sibi

255 3238 449 3325 exagitanda
480 3239 715 3323 proposuisset,
738 3259 779 3302 ne
799 3238 827 3302 ei
854 3238 988 3323 quidem
1013 3239 1124 3326 generi
1148 3249 1270 3324 peper-

259 3358 359 3434 cisse,
383 3358 418 3420 in
443 3377 509 3443 quo
524 3379 558 3422 sc
578 3359 687 3441 ipsum
706 3355 829 3442 aliquid
849 3377 940 3443 posse
959 3345 1175 3445 intelligeret;
1196 3379 1270 3444 par·

259 3477 346 3542 odias
377 3497 457 3542 uero
482 3473 635 3553 Caecilii,
664 3476 831 3544 Terentii.
865 3475 1015 3554 Pacuvii,
1048 3477 1139 3542 Accii
1163 3501 1182 3542 a
1205 3477 1271 3542 Lu·

260 3595 326 3661 cilii
351 3593 550 3661 carminibus
566 3593 696 3659 heroico
714 3607 822 3660 metro
834 3595 1021 3678 conscriptis
1035 3594 1153 3661 alienas
1165 3617 1230 3661 esse
1241 3594 1270 3662 ².

260 3714 457 3802 Congrunnt
476 3733 552 3778 sane
574 3733 730 3798 magnam
752 3727 880 3796 partem
902 3712 1268 3779 Hermannisententiae

261 3855 298 3898 ca
325 3855 408 3918 quae
430 3829 528 3918 supra
548 3832 797 3916 disputavimus.
842 3832 950 3897 Patuit
970 3833 1082 3910 enim,
1107 3834 1140 3897 in
1160 3819 1268 3898 criti·

263 4017 540 4028 -—-—---——.-

295 4136 305 4172 t
346 4119 415 4184 Sap.
434 4135 461 4186 p.
480 4120 530 4172 tito
551 4118 716 4172 memoralis.

295 4235 310 4270 a
346 4215 434 4284 psba.
