2900 4982
783 331 849 400 tet

290 517 416 572 tantum
432 507 564 572 Graecis
587 527 721 576 carmen
744 507 880 574 Horatio
899 508 1026 574 dietum
1039 529 1115 574 esse.
1140 507 1307 578 Memorat

290 623 524 690 Chaeremonis
544 623 774 703 Centaurum,
798 627 888 710 quod
910 645 1045 690 carmen
1057 625 1222 694 Graecum
1235 640 1307 694 erat

286 743 381 810 omrai
413 756 600 810 metrorum
624 765 743 830 genere
772 743 1010 826 compositum
1044 745 1307 831 technopaegnia

289 857 588 928 Alexandrinorum
602 905 612 938 ,
637 861 678 940 in,
686 860 802 946 primis
814 879 891 924 vero
908 857 1074 926 Theocriti
1088 861 1208 946 idyllia,
1220 883 1309 947 quae

290 999 368 1042 cum
395 977 551 1044 Ennianis
574 975 682 1042 satiris
705 989 836 1061 praeter
857 975 1078 1060 inscriptionis
1106 979 1307 1066 ambignita-

291 1107 359 1160 tem
387 1093 471 1160 iilud
499 1115 634 1180 quoque
656 1115 834 1160 commune
858 1094 979 1159 habere
1001 1095 1193 1178 perhibuit,
1216 1099 1307 1181 qnod

290 1234 357 1278 non
376 1217 484 1279 solnm
505 1227 780 1299 argumentorum
803 1214 858 1278 sed
883 1189 982 1277 atiani
1004 1233 1226 1278 numeroram
1246 1237 1307 1280 sa·-

289 1329 404 1404 ristats
428 1331 576 1398 mixtum
598 1330 723 1396 librum
747 1329 924 1406 exhibent,
954 1341 1028 1394 tum
1046 1331 1146 1396 etiam
1176 1331 1305 1416 Menip-

290 1470 373 1532 pum
399 1447 621 1513 Gadarsnssm
656 1444 820 1534 cynicum
835 1446 862 1511 ¹.
908 1445 996 1513 Haec
1025 1447 1212 1514 testimonia
1231 1449 1305 1516 satis

288 1588 453 1651 superque
487 1567 707 1650 persuadent,
741 1563 945 1630 Graecorum
966 1563 1209 1648 exemplarium
1233 1566 1306 1630 imi·

291 1685 412 1750 tatione
437 1683 584 1766 Ennium
600 1684 737 1750 satiram
757 1682 918 1766 scripsisse
941 1682 1306 1751 variomssrodistinc·

291 1816 373 1868 tarn.
396 1799 461 1866 Sed
478 1801 750 1882 Theocriteorum
772 1800 898 1866 mentio
917 1798 1017 1866 simul
1036 1803 1221 1884 persuadet,
1234 1802 1306 1866 infi-

290 1919 395 2000 nitam
418 1931 708 2010 argumentamur
719 1919 785 1984 sive
799 1921 1001 2005 prietatem
1012 1919 1206 1983 varietatem
1219 1921 1304 1984 haud

291 2038 400 2107 minus
421 2037 552 2109 Graecis
565 2050 678 2103 notem
702 2037 809 2104 fuisse.
835 2035 905 2107 Hoc
921 2035 1023 2122 igitur
1035 2036 1181 2119 priscum
1192 2037 1306 2102 satirae

291 2178 394 2244 penus
428 2170 496 2236 est,
530 2159 620 2240 qnod
643 2178 664 2221 a
691 2155 839 2223 Varrone
862 2157 1017 2240 nunsula
1036 2154 1225 2220 carminum
1251 2177 1307 2220 sa·
1338 2237 1342 2244 .
1431 2207 1432 2250 3

290 2274 407 2343 ristatu
428 2272 578 2352 mixtum
596 2274 766 2340 eonditum
788 2295 852 2338 esse
878 2271 1099 2359 Quintilianus
1120 2271 1275 2357 prodidit.

330 2632 340 2668 ι
379 2631 404 2682 p.
426 2629 470 2676 ιι,
489 2611 534 2666 is.
