2860 4974
228 455 379 532 batione,
416 477 482 540 quo
516 456 667 521 audacior
702 456 851 538 deinceps
874 468 955 520 assat
976 456 1115 554 aliorum
1139 475 1253 538 repre·

227 577 382 640 honsorl.
430 575 544 659 itaque
566 596 728 658 perquam
752 573 926 638 verisimile
949 575 1009 650 fis,
1032 575 1126 637 iilum
1145 574 1250 638 vitam

225 715 317 758 auam
340 715 489 778 quosque
507 713 565 775 per
585 692 675 755 illam
692 691 759 755 sive
780 691 939 755 bonosive
956 713 1045 756 secus
1065 690 1251 755 instituerat

226 824 283 874 sut
295 811 355 894 ipsi
376 824 562 884 evenerant,
576 813 637 874 hac
654 806 858 892 potissimum
871 808 975 892 operis
989 823 1080 892 parte
1091 811 1156 874 fide
1170 829 1252 873 nar·

227 928 353 993 rasisse.
399 928 509 994 Verba
532 927 760 991 conductoris
783 927 968 1008 interpretis
995 941 1090 992 sunt:
1126 927 1252 992 «Dici-

227 1061 281 1110 tur
317 1046 460 1112 Lucilius
494 1047 595 1110 vitarn
622 1067 719 1128 sunus
733 1045 892 1127 scripsisse
913 1057 946 1108 et
966 1067 1033 1109 non
1050 1044 1111 1110 sibi
1134 1063 1251 1128 peper-

213 1144 371 1228 ιοἰεεθῖ.»
406 1160 543 1249 Legitur
566 1164 599 1226 in
628 1162 736 1229 codice
762 1162 1044 1247 Franequerano³
1066 1165 1253 1250 scripsisse

229 1286 267 1345 in
281 1305 377 1370 opere
389 1305 451 1346 suo
465 1293 552 1345 et-
565 1283 655 1365 quod
668 1281 774 1364 ipsum
788 1279 914 1345 Horatii
932 1281 1032 1346 sorba
1044 1283 1211 1347 declarant
1222 1280 1255 1358 ⁴,

165 1448 176 1470 Ι
229 1399 341 1486 Neque
361 1415 469 1464 tamen
490 1401 696 1482 putandum,
721 1419 788 1462 uno
801 1401 864 1464 hoc
883 1398 968 1463 libro
980 1402 1020 1464 dc
1036 1421 1070 1464 sc
1089 1397 1255 1484 rebusque

228 1499 568 1604 suisegissepodtaim
594 1537 673 1580 narn
699 1516 732 1579 in
749 1515 818 1580 aliis
830 1497 963 1600 quoque
973 1517 1157 1600 saepissima
1168 1519 1209 1580 ad
1220 1537 1256 1579 sc

229 1634 375 1708 rediisse,
410 1633 529 1716 probat
557 1632 739 1719 Porphyrio
770 1634 812 1697 ad
844 1631 971 1698 Horatii
996 1635 1125 1700 locum:
1170 1633 1256 1700 «lta

231 1755 289 1828 lit,
314 1765 350 1815 ut
380 1751 497 1816 Lucilii
534 1752 599 1815 vita
624 1765 692 1816 tam
714 1753 801 1816 clara
819 1751 861 1815 sit
884 1773 943 1834 per
963 1752 1081 1831 libros,
1106 1751 1198 1836 quasi
1220 1751 1257 1814 in

232 1870 344 1934 tabula
364 1871 588 1934 ostenderetur
599 1868 627 1934 ⁵.
639 1889 657 1928 u
704 1867 777 1933 Non
798 1868 899 1955 igitur
924 1869 1098 1953 scripsisset
1116 1891 1184 1956 pss-
1205 1869 1258 1932 ta·-

235 1990 331 2064 innr,
355 1987 379 2052 si
397 1987 525 2052 decimo
544 1988 584 2052 de
604 1985 667 2050 suis
685 1986 780 2052 rebus
803 1987 996 2052 absolvisset.
1027 1986 1119 2052 Hanc
1142 2001 1255 2051 autern

232 2112 272 2172 ds
307 2106 503 2189 semetipso,
537 2105 664 2190 quotics
696 2125 747 2169 ras
778 2106 976 2170 admonebat
1010 2129 1048 2170 sc
1076 2105 1258 2186 suadebat,

234 2224 435 2289 mentionem
470 2221 612 2286 Lucilius
643 2243 682 2286 ex
712 2221 917 2288 Anacreonte
951 2222 1052 2286 traxit
1073 2237 1107 2285 et
1139 2224 1261 2287 Alcaco

234 2341 452 2425 Sapphoquc,
485 2337 616 2404 Graecis
643 2340 782 2425 'lyricis‚
818 2361 899 2424 quos
921 2340 968 2404 ait
989 2340 1199 2405 Aristoxenus
1220 2339 1262 2402 li·

235 2458 302 2524 bris
333 2455 475 2541 propriis
502 2457 686 2522 amicorum
713 2460 785 2522 loco
809 2479 880 2522 usos
904 2455 1040 2522 suisset.
1085 2457 1126 2522 ln
1150 2457 1262 2523 oodioe

236 2577 489 2662 Franequcrano
500 2586 567 2638 est:
583 2609 626 2624 -
643 2569 857 2640 Anacreonta
872 2570 1002 2638 Graeco
1019 2578 1205 2640 contraxit
1229 2586 1262 2638 st

236 2691 362 2761 Alcaeo
375 2693 495 2756 lirics'e
504 2729 549 2742 ·-
557 2687 802 2758 Aristoxenus.
815 2691 912 2757 Acro:
922 2689 1140 2756 Anacreonta
1152 2689 1265 2756 Gros-

237 2835 274 2878 co
297 2813 414 2876 trusit
438 2822 470 2875 et
488 2807 617 2874 Alcaco
641 2810 792 2896 lyricis.-
816 2833 900 2897 quos
917 2813 971 2873 ait
991 2805 1265 2897 Aristophanes.

236 2929 419 3014 Porpirprio
441 2927 551 2992 addit:
576 2927 749 2992 [lisanim
768 2923 980 3013 (Aristotcles)
996 2929 1035 2990 in
1055 2930 1133 2990 suis
1145 2931 1266 3013 scrip-

200 3093 206 3100 ·
236 3052 288 3112 lis
319 3045 489 3120 ostendit,
514 3041 730 3130 Suppdouem
749 3055 782 3107 st
809 3041 976 3108 Alcaeum
994 3045 1175 3109 volu-mino
1198 3067 1266 3108 suo

250 3227 266 3234 ιι
284 3229 287 3232 -
304 3227 321 3234 n.-
334 3225 527 3238 mnu-*t-

276 3348 284 3381 t
325 3331 370 3380 Cf.
387 3349 446 3395 sup.
466 3347 493 3396 p.
511 3346 629 3401 9t,99.

278 3445 293 3478 a
328 3424 398 3478 End.
417 3443 444 3492 p.
462 3426 506 3496 76.

275 3525 292 3576 5
330 3521 441 3576 Dolsoc
462 3519 524 3580 cod,
545 3523 602 3580 rid.
625 3525 773 3593 during.
796 3521 903 3580 scholi.
922 3531 992 3576 vett.
1012 3521 1055 3576 ili
1085 3539 1114 3590 p·
1135 3537 1267 3594 ttpsqq·

276 3623 293 3676 ⁴
330 3617 401 3686 sup.
420 3636 448 3686 Ρ·
467 3639 495 3690 7ι
514 3617 560 3674 66·

274 3717 291 3769 ὅ
329 3715 435 3768 Pariter
461 3718 586 3767 Coram.
608 3718 728 3785 0ruq.p
755 3713 834 3769 tota.
854 3713 924 3768 «Ad
942 3711 1016 3766 hunc
1033 3713 1145 3768 nodum
1164 3713 1271 3765 Lucilii

240 3813 312 3864 sanis
324 3812 378 3865 sits
395 3821 449 3868 tam
466 3811 540 3865 ciart
557 3814 599 3860 es*-
621 3812 650 3861 r'n
667 3813 729 3862 suis
745 3811 841 3874 libris,
861 3811 938 3880 qussi
956 3818 1028 3862 esset
1045 3810 1196 3880 depietatis
1214 3811 1274 3859 sii.

243 3927 296 3977 qus
316 3909 416 3960 rabula.
437 3923 451 3956 t

276 4003 293 4055 6
331 4007 451 4056 comm.
472 4006 556 4074 Gruq.
574 4003 596 4057 Ι.
613 4002 634 4054 1.
653 4003 690 4054 ad
708 4005 791 4056 Hor.
814 4005 876 4056 Sat.
901 4001 942 4068 tl,
963 4019 988 4064 t,
1011 4003 1055 4055 ὅσ.
