2860 4974
644 397 708 460 205

161 571 207 634 do
224 573 320 654 poeta
337 567 371 630 in
384 556 536 638 mimur'n
548 565 724 646 induxerit,
742 569 883 636 deorum
891 572 1018 655 judicic
1027 573 1173 642 11111111·-

163 699 231 751 tere
240 707 329 762 eum,
343 686 401 770 qui
413 686 480 768 ipae
489 686 589 768 judex
598 687 801 769 judiciorum
813 687 1038 774 integritatem
1049 705 1083 756 et
1089 693 1172 776 juris

160 805 292 887 jurandi
307 803 514 867 sanctitatem
532 803 718 870 violaverat.
766 803 923 870 Ceterum
947 805 984 876 P,
1008 807 1172 875 Rutilium

164 920 299 1005 Lupum
332 932 462 1002 praeter
495 923 702 984 cumulatum
739 922 819 986 haec
852 923 1002 1007 dcincepe
1032 945 1172 992 munera

164 1037 277 1102 obiiaee
307 1037 422 1102 statuit
450 1034 602 1123 Pighius:
637 1052 849 1121 quaesturam
879 1039 1115 1124 provincialem
1142 1065 1171 1110 1.

165 1157 229 1221 618
255 1151 373 1243 (106),
406 1153 613 1218 tribunatum
643 1155 746 1236 plebie
771 1177 801 1220 a.
826 1157 891 1222 656
916 1157 1035 1245 (101),
1059 1161 1174 1226 aedili-

165 1285 266 1338 tatem
299 1293 328 1336 1.
353 1272 419 1336 656
445 1267 536 1358 (96),
569 1279 761 1353 praeturam
783 1291 813 1336 1.
837 1274 903 1338 659
929 1271 1000 1362 (66)
1024 1287 1058 1340 ct
1079 1297 1173 1360 prae·

166 1403 274 1456 turam
293 1387 529 1474 provincialem
545 1408 575 1454 a.
599 1387 664 1452 666
689 1385 760 1474 (at)
776 1387 802 1454 1.
894 1433 900 1444 .

207 1621 305 1688 Hunc
325 1623 426 1709 igitur
449 1622 668 1686 facinorosum
691 1635 724 1686 et
745 1623 916 1688 aculeatum
939 1624 1108 1690 hominem
1136 1641 1174 1693 ut

166 1742 295 1807 lamonia
318 1739 489 1825 cooperuit
511 1738 656 1804 versibus
679 1752 713 1804 et
732 1741 834 1805 eectfit
852 1741 1011 1818 Luciliua,
1035 1743 1080 1808 ita
1105 1743 1173 1810 llle-

166 1863 282 1925 tellnm
306 1858 429 1924 lucanae
457 1859 579 1933 lemur,
613 1857 696 1921 nihil
721 1858 903 1924 dolentibus
938 1858 1088 1943 Scipione
1115 1879 1174 1929 aut

167 1976 310 2043 Laeliot.
334 1974 587 2058 Erratunt,qui
599 1971 858 2058 Q.Metellum
870 1972 1173 2042 Macedonicum

166 2093 303 2180 intelligi
327 2095 502 2158 voluerunt
514 2090 542 2154 3.
577 2090 656 2154 Fuit
675 2091 764 2154 enim
776 2089 975 2156 Macedonici
993 2091 1097 2170 filius,
1112 2105 1176 2159 tee-

166 2225 198 2276 te
230 2223 338 2277 uetere
370 2210 568 2291 interprete.
600 2205 658 2290 qui
681 2209 761 2272 haec
780 2207 885 2272 addit:
918 2206 990 2293 uQ.
1017 2207 1175 2276 Caecilius

166 2327 315 2394 Metellus
336 2326 510 2391 consularia
544 2323 629 2388 filioe
653 2326 834 2389 consulares
863 2325 944 2389 vidit
970 2339 1005 2390 et
1040 2325 1082 2390 ab
1116 2328 1176 2392 illie

167 2449 268 2512 elatus
290 2457 347 2510 eat.
393 2441 455 2508 llic
480 2442 516 2531 (1.
540 2463 570 2507 e.
597 2442 655 2526 qui
679 2439 814 2506 Horatio
846 2456 1071 2521 inmoratur,
1104 2443 1177 2512 Ca·

166 2561 335 2646 pruriue)
361 2573 474 2644 potene
504 2560 567 2622 suit
589 2571 738 2642 tempore
762 2558 921 2642 Scipionis
941 2561 1109 2637 Africani,
1142 2575 1176 2627 et

165 2701 244 2746 cum
267 2681 301 2744 in
317 2677 473 2744 concione
496 2679 657 2761 quaedem
678 2690 844 2742 contrane
867 2679 996 2742 decreta
1016 2681 1178 2744 declama·
1285 2763 1289 2772 ι

165 2813 241 2876 ret,
275 2797 385 2880 Scipio
415 2797 476 2862 ait:
515 2795 566 2860 Hi
595 2805 695 2870 eunt,
728 2816 811 2879 quoe
841 2793 1019 2860 Annibali
1045 2799 1176 2882 cripui.

168 2915 299 2981 Patere
319 2937 417 3003 ergo,
452 2911 580 2996 inquit,
604 2933 666 2976 noc
689 2910 816 2976 literne
838 2934 916 2978 eece.
961 2909 1015 2976 Ob
1039 2915 1119 2978 haec
1144 2927 1177 2978 et

167 3033 228 3097 1111
251 3031 395 3096 Lucilius
412 3032 447 3093 in
470 3029 609 3114 gratiam
631 3027 790 3111 Scipionis
814 3049 892 3094 cum
912 3029 1030 3111 carpeit
1054 3049 1179 3112 quaru-

166 3150 213 3217 rie
238 3149 382 3214 amicum
395 3147 425 3214 ⁴.
438 3167 456 3208 u
482 3145 572 3210 Inter
596 3145 845 3212 Macedonicum
868 3145 1039 3211 Metellum
1063 3160 1096 3212 et
1109 3145 1178 3214 Sci·

203 3421 213 3458 ι
253 3407 329 3459 Anu.
348 3403 393 3457 111
412 3421 441 3470 p.
462 3403 523 3466 115,
546 3401 607 3470 169,
629 3403 689 3463 166,
709 3417 758 3470 ¹9⁷
792 3401 854 3452 205.

202 3523 218 3557 1
252 3507 342 3556 Hor·
363 3503 425 3554 Sat.
448 3499 489 3562 ll,
510 3513 535 3562 t,
555 3501 598 3569 67.

201 3599 217 3650 5
251 3601 392 3652 Mauso
409 3599 438 3648 in
459 3597 581 3650 Nacta.
596 3616 621 3648 z.
645 3595 721 3646 salz.
739 3595 759 3646 1.
778 3595 797 3646 l.
820 3594 1008 3646 Wicland
1023 3599 1092 3647 Hor.
1109 3599 1172 3648 Sat.

168 3695 197 3748 ll
216 3713 245 3762 p.
264 3712 307 3764 29.
325 3698 512 3746 Driutzer
531 3695 583 3762 0p.
604 3693 624 3744 l.
643 3711 670 3762 p.
689 3689 748 3760 459.

199 3793 217 3844 4
255 3795 383 3844 Comm·
404 3793 491 3860 Gruq.
509 3807 536 3855 p.
554 3789 616 3858 ⁴⁰9·
636 3787 669 3840 ln
691 3789 883 3842 God.Hor.
904 3789 1174 3856 Ftuneq.paulo

166 3887 246 3940 aliter
267 3888 387 3956 legitate
407 3911 438 3924 -
452 3896 554 3956 potans
570 3887 639 3956 suit
667 3883 839 3954 temporibus
851 3883 921 3954 'auia
939 3889 968 3932 et
991 3883 1175 3952 Scipionis-

166 3989 196 4036 in
211 3987 349 4038 reditione
369 3983 507 4054 quaedam
524 3981 656 4032 adversus
672 4000 701 4032 11
709 3982 797 4049 sucta
814 3977 971 4040 clamaret⁴
996 3980 1091 4046 Scipio
1113 3982 1176 4031 nite

168 4091 232 4132 eunt
244 4111 279 4130 .-
297 4083 408 4150 pntiere
424 4109 455 4120 -
474 4080 594 4127 amicum
614 4077 709 4144 ipsius.
