2860 4974
728 357 788 421 180

239 555 405 620 quemque
444 535 544 598 vitant
582 533 822 617 conscripsisse,
856 535 899 598 ita
923 537 963 598 ad
988 536 1252 599 confirmandum

240 653 338 728 illud,
375 654 462 736 quod
486 674 504 716 e
527 651 623 716 Persii
648 652 712 716 vita
740 652 889 735 suspicati
916 673 1050 728 sumus,
1087 653 1253 718 Lucilium

239 770 367 834 decimo
395 769 597 852 potissimum
629 768 714 833 libro
736 771 776 833 de
804 791 836 832 se
865 770 1066 834 mentionem
1088 771 1254 854 injecisse,

239 891 348 953 valent
370 887 495 953 Horatii
519 909 646 951 versus:

282 1003 353 1072 Nil
373 1009 481 1070 cornis
506 1007 644 1094 tragici
665 1017 780 1069 mutat
804 1006 969 1070 Lucilius
988 1005 1102 1072 Acci?

281 1121 315 1188 Ν
319 1147 361 1188 on
383 1123 477 1190 ridet
496 1147 614 1188 cereus
634 1123 734 1187 Enni
754 1126 938 1212 gravitate
958 1128 1111 1189 minores

166 1304 169 1312 .
282 1242 367 1307 Cum
391 1241 430 1306 ds
449 1265 483 1306 ss
505 1243 665 1328 loquitur
686 1263 753 1305 non
770 1253 810 1304 ut
831 1243 966 1328 snojors
986 1239 1218 1328 repr-ensis?¹

237 1359 300 1424 Hic
325 1361 358 1422 in
389 1359 504 1442 primis
521 1361 756 1423 attendendum
776 1345 957 1445 loquitur,
982 1363 1071 1444 quod
1091 1359 1251 1442 praesenti

236 1477 400 1541 indicativi
434 1476 577 1560 positum
596 1475 773 1562 significat,
800 1475 991 1554 Lucilium,
1015 1497 1081 1561 qno
1103 1480 1175 1541 loco
1194 1497 1252 1539 ce·

236 1605 383 1656 terorum
406 1597 578 1674 poetarum
594 1613 744 1656 severum
765 1614 799 1658 se
807 1593 953 1677 judicem
971 1597 1120 1677 jactaret,
1135 1595 1250 1656 eodem

235 1709 342 1791 ipsum
369 1729 403 1772 se
421 1709 482 1772 illis
508 1711 690 1773 verecunde
707 1710 928 1792 postposuisse.
976 1710 1059 1777 Usus
1077 1725 1124 1774 est
1141 1712 1251 1793 prolo-

234 1847 276 1914 go
288 1826 425 1904 Persius,
447 1848 519 1891 suas
544 1840 581 1890 ut
607 1827 750 1909 poc'ticas
770 1830 879 1891 laudes
896 1829 1108 1892 detrectaret:
1133 1825 1250 1894 deinde

235 1945 344 2028 priml
357 1945 455 2009 satird
468 1945 586 2028 carpsit
600 1967 680 2010 vana
693 1959 726 2009 et
739 1945 845 2009 futilia
857 1945 1030 2008 hominum
1044 1947 1161 2010 studia.
1185 1945 1249 2010 Pa-

234 2065 313 2128 riter
331 2062 408 2127 asui
422 2063 590 2127 mentione
602 2083 731 2126 exorsus
744 2061 886 2127 Lucilius
898 2063 1053 2147 digressus
1066 2064 1192 2128 videtur
1207 2065 1249 2126 ad

233 2197 355 2246 veteres
374 2187 484 2264 politas
497 2181 627 2245 Latinos
642 2183 826 2257 censendos,
841 2181 932 2264 cujus
952 2181 999 2244 rei
1012 2180 1146 2245 initium
1160 2184 1249 2245 lece-

231 2315 283 2365 rat
295 2299 380 2364 libro
390 2295 486 2364 ter'tio
497 2313 531 2363 et
542 2318 639 2362 nono.
664 2297 704 2360 In
717 2298 837 2382 quibus
849 2297 1052 2382 potissimum
1068 2299 1242 2382 poe'tiscas-

231 2417 368 2502 rigandis
379 2430 520 2481 versatus
531 2415 582 2489 sit,
596 2435 788 2502 cognoscere
801 2416 875 2480 licet
887 2438 964 2482 curn
978 2439 1017 2480 ex
1026 2415 1151 2481 Horatii
1164 2419 1248 2492 loco,

231 2533 694 2618 quiAcciumetEnnium
717 2548 898 2612 memorat,
922 2548 995 2598 tum
1008 2557 1046 2599 ex
1065 2534 1164 2599 Gellii
1186 2549 1247 2600 tes-

230 2651 1247 2740 timonio‚ubipraeterillosCaeeilius‚Terentius(lllra-

229 2767 329 2856 nius)
355 2785 387 2836 et
419 2769 614 2835 Pacuvius
639 2770 861 2835 indicantur2.
907 2771 1246 2836 Animadvertendum

151 2897 158 2910 '
229 2904 274 2954 cst
283 2927 329 2939 —
341 2892 439 2953 modo
448 2891 526 2953 fides
540 2889 687 2952 habenda
699 2890 738 2953 sit
748 2890 884 2962 Dousae,
896 2889 1007 2954 Isidori
1023 2889 1245 2953 testimonium

229 3009 311 3071 nribi
336 3007 486 3094 ignotum
509 3007 754 3069 exhibentiss—
774 3008 938 3070 diversum
961 3006 1035 3070 libri
1050 3006 1126 3070 noni
1139 3021 1172 3071 et
1191 3009 1246 3070 de-

229 3125 304 3187 cimi
330 3137 563 3210 argumentum
586 3122 691 3187 luisse.
728 3121 811 3186 Nam
837 3136 873 3186 ut
893 3123 959 3186 illic
983 3121 1157 3205 praecipue
1179 3121 1245 3184 im·

229 3240 380 3323 peritiam
411 3241 624 3304 librariorum
646 3239 667 3303 i.
686 3261 714 3304 e.
736 3261 852 3304 eorum
875 3240 931 3324 qui
953 3245 1124 3322 positarum
1147 3239 1245 3304 libros

228 3359 485 3439 descripserunt,
507 3358 662 3422 refutavit
681 3372 834 3422 etveram
849 3357 1044 3441 scripturam
1067 3357 1247 3431 constituit,

227 3495 288 3539 nec
318 3473 377 3538 nisi
401 3474 510 3538 oblata
540 3477 786 3559 opportunitate
812 3481 923 3559 positas
946 3476 1079 3558 petivit,
1114 3474 1159 3539 ita
1190 3475 1244 3538 de-

227 3591 316 3658 cimo
338 3592 372 3656 in
395 3589 615 3656 obtrectandis
648 3593 725 3676 ipsis
749 3597 924 3676 poetarum
946 3592 1145 3656 carminibus
1167 3611 1244 3655 rer·

225 3726 312 3776 satus
336 3709 468 3774 dicitur.
515 3705 613 3791 Quod
635 3725 746 3774 autem
775 3731 874 3794 supra
910 3710 1099 3774 monuimus
1126 3712 1166 3774 de
1187 3729 1243 3773 eo-

349 3859 496 3869 --.η-..ιι

262 3952 272 3987 ι
312 3931 381 3997 Sap.
406 3950 432 3998 p.
459 3949 503 4002 90.
539 3933 579 3984 Cf
603 3935 758 4002 Madvig.
782 3940 881 4004 (lpusc.
902 3952 928 4000 p.
954 3934 1002 3988 tofi

257 4047 274 4084 a
311 4027 382 4080 an.
402 4046 429 4095 p.
450 4029 492 4092 18,
516 4047 542 4086 a.

260 4127 277 4184 ὃ
312 4123 384 4181 cot.
402 4141 427 4192 p.
449 4125 516 4186 151,
537 4144 596 4196 ¹7²·
