2888 4972
756 398 820 460 272

282 575 390 636 oculos
422 575 601 656 permulsit.
656 574 698 638 Et
729 577 805 658 quia
831 577 939 639 ludius
974 579 1060 658 apud
1083 598 1135 641 eos
1160 578 1292 642 histria

280 691 524 773 appellabatur,
553 692 680 756 scenico
703 713 824 756 nornen
849 694 1040 758 histrionis
1064 696 1208 759 inditum
1233 713 1288 761 eet.

281 808 439 874 Paulatim
478 811 595 874 deinde
636 812 760 876 ludicra
792 834 842 878 ars
875 815 916 877 ad
954 827 1140 898 satyrarum
1176 817 1290 879 modos

279 930 448 1012 perrepeit.
495 930 523 992 A
560 931 678 1014 quibus
710 932 837 1013 primus
869 934 1019 996 omnium
1054 939 1150 1016 polita
1180 933 1291 998 Liuius

275 1049 317 1110 ad
349 1047 538 1112 tabularum
571 1064 764 1135 argumenta
785 1051 1003 1133 spectantium
1029 1052 1155 1116 anitiros
1179 1066 1286 1117 trans·

278 1165 363 1230 tulit.
418 1166 514 1250 Isque
538 1169 586 1230 sui
622 1168 728 1250 operis
761 1183 872 1242 actor,
907 1190 986 1234 cum
1021 1171 1148 1253 saepius
1184 1193 1203 1234 a
1229 1193 1292 1256 po·

277 1287 356 1366 pulo
386 1299 552 1348 resecatus
580 1307 694 1350 rocem
722 1287 921 1362 obtudisset,
957 1289 1103 1352 adhibito
1135 1289 1230 1371 pueri
1256 1304 1290 1354 et

276 1403 415 1468 tibicinis
431 1418 607 1480 concentu,
619 1405 898 1492 gesticulationem
912 1407 1027 1471 tacitus
1039 1407 1174 1493 peregit,
1199 1408 1289 1472 Atel·

276 1522 339 1586 lani
371 1537 482 1586 autem
508 1523 549 1586 ab
575 1521 665 1588 Oscis
682 1524 774 1588 acciti
793 1538 887 1587 sunt:
913 1528 1003 1609 quod
1022 1547 1123 1611 genus
1147 1529 1287 1592 delecta·

275 1641 368 1704 tionia
392 1641 504 1705 Italica
526 1643 695 1706 severitate
717 1657 962 1726 temperatum,
987 1645 1123 1728 ideoque
1144 1667 1285 1709 vacuum

275 1757 350 1820 notri
374 1768 432 1822 est.
479 1757 562 1822 Nam
586 1781 692 1844 neque
713 1759 803 1823 tribu
827 1775 1002 1836 moretur,
1026 1782 1133 1846 neque
1156 1785 1176 1825 a
1198 1763 1287 1824 mili·

274 1875 396 1940 taribus
415 1877 579 1960 stipendiis
603 1877 771 1961 repellitur
784 1877 810 1941 ¹.
825 1899 842 1937 u

318 1993 505 2080 Utrumque
530 1999 641 2060 locum
670 1997 912 2062 conferentibus
940 2001 1046 2081 piatam
1071 2013 1135 2074 est,
1171 2001 1284 2064 Liviu-

273 2133 354 2174 num
380 2114 423 2175 ob
454 2117 562 2178 ocules
581 2115 727 2180 babuisse
749 2115 917 2180 Valerium
944 2115 1139 2180 Maximum.
1188 2115 1285 2200 Quod

271 2230 419 2313 quamvis
452 2232 547 2312 plura
577 2231 754 2296 consimilia
775 2235 862 2314 apud
883 2248 1065 2317 utrumque
1088 2237 1284 2308 ostendant,

271 2362 381 2412 tamen
412 2349 474 2412 alia
500 2351 635 2424 docent,
660 2369 726 2414 non
750 2354 852 2414 aeolo
874 2351 966 2414 Livio
987 2373 1063 2416 eum
1092 2355 1281 2435 pependisse

173 2513 175 2516 -
267 2468 322 2530 sed
340 2465 440 2528 alittm
466 2465 592 2530 sontem
608 2468 812 2533 consuluisse.
837 2467 920 2531 Nam
942 2483 1105 2532 memorat
1131 2470 1284 2553 primum

266 2586 427 2647 earmina
444 2587 635 2670 composito
649 2632 657 2659 ‚
671 2588 759 2669 quod
771 2607 900 2650 sacrum
916 2590 1044 2669 poiseus
1060 2608 1163 2672 penus
1176 2588 1285 2662 luisse,

268 2704 401 2766 sortasse
430 2699 574 2776 Saliare,
609 2722 648 2765 eo
682 2703 882 2778 ostenditur,
906 2707 996 2787 qued
1019 2703 1282 2770 uenerabilibus

266 2841 351 2909 ergo
373 2817 463 2884 Deos
485 2819 599 2883 verbis
616 2819 793 2884 constabat.
840 2820 1044 2885 Tentavere
1070 2843 1177 2906 quum
1204 2838 1284 2888 met

267 2937 376 3002 morbi
402 2938 447 3002 vis
469 2952 501 3000 et
523 2937 788 3012 incrementum,
813 2951 851 3001 ut
873 2939 997 3002 solemri
1010 2939 1201 3004 recitatione
1212 2941 1284 3006 ani·

268 3056 335 3132 mi,
370 3056 448 3120 mali
476 3055 701 3141 magnitudine
727 3055 887 3138 perculsi,
920 3059 1191 3134 adverterentur,
1228 3060 1285 3122 in·

263 3265 532 3276 ..--—--—--..

299 3383 311 3422 t
352 3367 395 3428 ll,
415 3367 442 3429 4,
456 3369 481 3421 4.
504 3373 605 3425 Oros.
627 3367 684 3434 ΙΙΙ,
698 3370 724 3424 4.
754 3397 767 3424 a
782 3365 816 3422 L·
837 3371 963 3423 Genucio
981 3381 1008 3424 ct
1026 3371 1063 3441 Q.
1077 3373 1200 3428 Servilio
1211 3392 1281 3428 cort.

264 3466 357 3533 ingens
377 3466 529 3516 nniversam
548 3465 658 3518 Romam
676 3465 830 3534 pestilentia
851 3468 986 3535 corripuit
1009 3501 1040 3515 -·
1059 3469 1128 3523 Cum
1141 3471 1277 3536 pectilen-

265 3563 300 3612 tia
330 3561 358 3612 in
386 3561 446 3614 dies
474 3559 668 3625 crudesceret,
697 3573 822 3616 auctores
847 3581 955 3617 tuerere
982 3567 1150 3633 pontilices,
1173 3577 1203 3620 ut
1222 3565 1279 3620 ludi

264 3661 361 3713 scenici
390 3659 444 3710 dlis
462 3661 656 3725 expetentibus
673 3661 839 3714 ederentur:
860 3663 899 3712 ita
919 3679 969 3728 pre
987 3663 1148 3729 depellenda
1170 3673 1281 3732 tempe.

264 3759 315 3808 reli
344 3763 419 3824 pctlc
445 3775 616 3822 corporum,
642 3759 790 3814 arcessitus
807 3768 848 3810 eut
867 3767 1017 3826 perpetuus
1034 3761 1151 3812 morbus
1169 3763 1277 3814 anino-

263 3856 648 3924 rumthi.August.de
669 3857 724 3908 Otv.
744 3860 781 3909 D.
804 3856 899 3928 ll,9).
923 3861 1004 3908 Tac
1032 3859 1100 3909 Aen
1134 3856 1275 3921 illvm:

265 3950 415 4019 eltsjoree
431 3971 540 4021 queque
557 3970 612 4003 nen
624 3953 785 4004 abstinuisse
804 3954 1021 4020 spectaculorum
1046 3955 1274 4014 oblectamentis,

263 4063 314 4114 pro
337 4047 447 4098 fortun·
467 4065 536 4116 quae
556 4058 611 4100 tum
631 4057 707 4114 παις
734 4068 823 4118 eoque
840 4067 854 4099 a
874 4049 972 4102 'l'uscie
989 4050 1091 4102 accitos
1108 4049 1276 4114 histriones,

263 4163 276 4193 e
296 4143 320 4195 T
324 4144 409 4196 burlis
429 4163 559 4214 cupitorum
579 4147 765 4199 certantium
785 4145 824 4198 Cf
845 4145 898 4210 IV,
913 4149 939 4200 Ι.
