2888 4972
762 392 826 453 242

283 569 379 646 lem,
404 591 442 632 ex
469 570 559 632 ltalia
589 581 800 641 revocatum,
826 566 913 631 vicit.
948 563 1071 630 Contra
1090 564 1132 626 ad
1155 561 1302 644 ejusdem

290 687 406 753 satirae
437 705 567 750 versum
594 685 637 748 66
673 685 763 748 idem
792 699 904 759 notat,
928 681 1142 766 posteriorem
1168 675 1305 742 Africa·

291 827 374 882 num
395 803 638 870 Numantinum
657 801 907 888 intelligendum
928 822 1002 866 esse.
1049 798 1134 862 Hinc
1155 800 1303 869 iactum.

291 937 329 988 ut
350 925 447 987 multi
471 936 646 1005 putarent,
676 919 845 986 Lucilium
863 919 986 1002 petenti
1009 915 1166 980 Africano
1180 909 1302 977 minori

285 1056 329 1106 ¹ut
347 1042 398 1106 avi
417 1043 477 1113 sui,
501 1039 648 1106 Africani
670 1040 812 1125 majoris,
835 1039 999 1122 privatam
1013 1037 1116 1100 vitam
1126 1031 1302 1106 scriberet,

290 1173 423 1247 gratum
449 1160 568 1224 secisse.
600 1157 662 1222 Sed
685 1157 875 1222 dubitatum
901 1169 947 1220 est
968 1155 1009 1220 ab
1034 1154 1121 1228 aliis,
1143 1151 1303 1236 qnoniam

290 1281 381 1341 nulla
417 1278 527 1342 suisset
556 1299 650 1340 causa
685 1274 850 1359 Scipioni,
886 1293 946 1338 cnr
967 1274 1000 1338 id
1019 1270 1138 1354 suscipi
1157 1293 1178 1334 a
1207 1275 1303 1352 poe'ta

285 1408 458 1477 tantopere
491 1408 643 1477 cuperet.
678 1415 740 1459 nec
772 1393 941 1477 probabile
969 1393 1011 1457 sit
1038 1413 1076 1456 ea
1106 1389 1303 1473 supersubse

289 1527 505 1578 monumenta
523 1536 561 1577 ao
582 1513 784 1588 testimonia,
818 1513 938 1597 quibus
958 1510 1012 1574 bic
1033 1510 1301 1576 adscribendam

289 1633 359 1715 ejus
390 1632 511 1706 vitam,
543 1633 599 1714 qui
629 1631 757 1713 pridem
784 1630 935 1705 obiisset,
972 1641 1120 1693 uteretur
1133 1627 1161 1692 ¹.
1222 1626 1301 1692 Mihi

290 1749 426 1835 quidem
458 1770 525 1813 non
557 1747 664 1830 Scipio
687 1747 888 1813 Aemilianus
920 1761 1034 1812 auctor
1056 1748 1152 1812 fuisse
1174 1744 1302 1810 Lucilio

291 1869 447 1943 ridetur,
468 1882 506 1932 ut
518 1867 731 1932 domesticam
755 1889 793 1933 ac
817 1868 982 1950 privatam
1002 1865 1119 1950 prioris
1139 1860 1301 1948 Scipionis

289 1986 391 2050 sitam
417 1986 556 2051 versibus
577 1989 765 2062 mendaret,
795 1988 850 2051 sed
870 1988 937 2069 ipse
960 1999 1074 2069 sponte
1098 2007 1156 2049 sua
1179 1983 1302 2081 gravis·

287 2105 370 2170 sima
402 2107 442 2168 de
479 2126 573 2171 causa
595 2118 628 2168 et
652 2106 807 2188 cupivisse
824 2117 856 2168 et
878 2104 1071 2187 perfecisse;
1095 2104 1222 2187 quippe
1245 2103 1300 2187 qui

289 2219 383 2288 illam
418 2222 575 2305 temporis
602 2223 764 2286 rationem
790 2235 822 2286 et
842 2223 927 2285 illius
953 2221 1099 2286 Africani
1125 2243 1300 2304 personam

289 2339 491 2422 aptissimam
520 2341 734 2415 existimaret,
772 2360 873 2424 quam
903 2339 966 2404 suis
998 2338 1188 2423 aequalibus
1212 2361 1301 2404 com·

288 2460 469 2523 mendaret.
517 2457 629 2541 Neque
661 2480 739 2522 vero
769 2457 911 2524 scribere
943 2458 996 2520 illa
1029 2456 1204 2522 meditanti
1235 2460 1302 2542 ipsa

292 2574 431 2640 materia
453 2578 557 2640 deesse
591 2576 721 2658 potuit,
748 2589 862 2659 utpote
883 2597 950 2640 non
980 2577 1015 2640 in
1044 2575 1230 2641 domesticis
1251 2599 1299 2642 re-

288 2693 349 2760 bus
387 2707 531 2772 versato,
564 2698 619 2758 sed
652 2693 688 2758 in
719 2696 754 2758 iis
780 2695 986 2778 potissimum
1023 2694 1200 2760 virtutibus
1233 2696 1298 2779 ejas

289 2812 523 2886 describendis,
552 2833 635 2896 quae
657 2826 787 2895 praeter
811 2813 962 2877 bellicam
985 2811 1143 2876 virtutem
1167 2833 1245 2878 eum
1261 2813 1300 2878 it·

289 2928 497 3003 lustrassent,
527 2929 653 3010 justitia
692 2951 731 2994 ac
767 2930 959 2994 constantia.
1012 2929 1177 2994 Privatam
1210 2931 1297 2996 euim

289 3045 390 3110 vitam
408 3067 474 3109 non
492 3045 642 3128 publicae
662 3048 717 3110 sed
738 3047 871 3111 militari
893 3049 1014 3130 opponi
1029 3049 1187 3113 videmus.
1213 3047 1299 3133 Qua·

291 3178 428 3247 propter
459 3167 607 3228 nondum
637 3187 713 3228 curn
743 3165 777 3228 iis
802 3167 908 3228 lacere
932 3187 986 3229 me
1006 3187 1096 3248 posse
1123 3169 1301 3248 profiteor,

291 3280 348 3363 qui
380 3303 431 3344 cas
462 3283 615 3356 virtutes,
649 3281 768 3366 quibus
794 3283 895 3346 eluxit
924 3283 958 3346 in
987 3284 1158 3366 republica
1194 3287 1299 3369 maior

290 3395 420 3480 Scipio.
440 3399 602 3466 Lucilium
625 3414 796 3482 propterea
819 3415 939 3487 negent
957 3400 1101 3466 versibus
1114 3403 1299 3478 celebrasse,

290 3518 380 3600 quod
398 3517 522 3598 aptiore
546 3531 578 3580 et
605 3518 779 3582 illustriore
803 3519 836 3581 in
862 3522 933 3584 loco
956 3520 1077 3602 poeitae
1106 3522 1301 3604 explicatae·

290 3655 355 3718 que
388 3634 429 3698 ab
452 3634 559 3698 Ennio
582 3635 738 3710 fuissent,
758 3637 814 3722 qui
836 3659 886 3700 eas
904 3639 1059 3724 singulari
1079 3637 1166 3704 libro
1192 3663 1301 3706 ornas·

243 3775 246 3784 ·
288 3766 346 3820 set.
371 3753 511 3817 Tamdiu
537 3765 649 3816 autem
671 3775 725 3817 me
743 3755 867 3818 tenebit
891 3758 1005 3820 veteris
1026 3757 1215 3842 interpretis
1226 3782 1302 3826 auc·

326 4107 337 4144 ι
375 4091 418 4150 Cf.
445 4094 599 4161 Vargss
626 4099 855 4164 Qecua-sl.-!nsct'l.
879 4096 930 4150 lV.
