2888 4972
584 459 648 559 aea

115 669 280 738 beraliore
306 671 484 756 principio,
515 675 604 758 quod
627 672 757 739 Graecis
780 672 910 738 cornicis
933 694 999 738 non
1022 674 1134 738 omni·

116 783 180 854 bus
208 809 313 854 unum
347 813 385 855 ae
413 791 563 876 princeps
601 794 732 868 luerat,
764 791 945 856 ducebatur
978 791 1131 856 Lucilius.

115 900 261 976 Virtutis
283 930 377 973 verae
397 922 502 973 custos
520 910 710 996 rigidusque
727 912 852 974 satelles
872 909 930 972 uni
951 909 1064 974 virtuti
1081 930 1134 972 ae·

116 1049 206 1114 quus
243 1041 312 1092 erat
347 1041 446 1113 atque
482 1030 550 1112 ejus
580 1028 702 1092 amieis.
747 1027 887 1093 Virtutis
924 1049 1017 1092 emor
1038 1028 1072 1091 in
1096 1049 1142 1092 eo.

115 1158 230 1210 tantus
264 1159 398 1231 tamque
430 1149 543 1210 ardens
577 1155 672 1223 crat,
704 1159 741 1210 ut
769 1148 836 1232 cjus
854 1146 887 1209 in
909 1146 1038 1210 civitate
1067 1145 1145 1210 llo-v

116 1287 219 1330 manu
251 1268 440 1349 exemplar,
468 1263 676 1349 Scipionem,
700 1279 733 1330 et
750 1265 968 1330 admiraretur
991 1266 1135 1330 maxime

115 1397 154 1448 et
189 1385 316 1469 scriptis
349 1385 537 1462 exhiberem
563 1407 706 1470 cumque
726 1385 856 1450 virtutis
880 1399 1025 1450 amantes
1046 1407 1149 1451 caros.

116 1501 257 1568 heberet
287 1516 320 1568 et
346 1507 489 1582 coleret,
525 1503 596 1588 pari
623 1504 699 1567 odio
727 1525 816 1568 secus
845 1516 877 1568 et
910 1505 1081 1569 sentientes
1103 1517 1136 1568 et

117 1622 298 1710 cogitantes
317 1633 350 1686 et
376 1635 506 1710 agentes
531 1622 709 1688 habebat¹.
755 1621 848 1688 Idem
872 1623 1071 1707 principium
1093 1647 1134 1691 an

117 1737 233 1804 Naevii
264 1741 383 1817 fuerit,
409 1763 528 1829 magna
563 1742 741 1807 verborum
763 1739 911 1806 libertate
932 1742 966 1806 in
990 1741 1136 1810 homines

118 1859 315 1924 incurrentis
338 1876 371 1924 et
391 1860 588 1924 nominatim
601 1861 815 1938 traducenlis,
828 1853 1030 1939 dubitamus
1046 1863 1135 1926 abest

119 1979 220 2044 etiarn
236 2025 245 2057 ‚
270 1991 308 2044 ut
327 1981 500 2064 proprium
515 1995 681 2045 censeatur
694 2002 828 2058 eorum,
843 1982 900 2066 qui
915 1982 1006 2048 malis
1018 1982 1147 2046 carmi--

121 2093 220 2164 nibus
253 2101 368 2164 satirae
397 2099 590 2183 scriptorem
629 2114 885 2182 praecesserant,
918 2114 951 2164 et
984 2102 1136 2165 audaciae

119 2220 313 2301 exemplum
334 2219 562 2302 praeiverant3
589 2240 694 2282 unum
717 2239 796 2283 vero
819 2218 962 2302 priscum
976 2217 1134 2294 Catonem

121 2335 306 2401 censorium
329 2350 502 2402 ornaverat
522 2350 555 2402 et
576 2358 652 2402 curn
678 2337 804 2402 Lucilio
827 2358 1004 2402 commune
1018 2341 1135 2415 suerat,

120 2455 179 2540 qui
209 2457 249 2519 de
281 2477 319 2520 eo
350 2456 469 2520 tradit:
514 2477 598 2520 nam
633 2467 729 2520 uetus
759 2455 825 2521 ills
846 2454 931 2520 Coto
959 2456 1154 2530 lacessisse-

120 2574 304 2662 uppellars'
328 2572 419 2662 quod
435 2577 592 2638 conscius
614 2577 688 2662 ipse
711 2597 779 2638 nors
802 2585 878 2639 erat
902 2574 1011 2640 silit

130 2685 140 2694 ’
166 2691 231 2757 Sed
244 2705 280 2757 ut
303 2715 323 2758 a
341 2713 432 2757 com
442 2693 452 2756 i
462 2715 479 2757 c
489 2692 522 2756 is
542 2691 673 2757 Graecis
686 2692 850 2757 Lucilium
863 2691 1053 2774 profecisse,
1066 2694 1152 2762 imo.

120 2811 309 2897 pependisse
326 2826 442 2877 auctor
454 2825 501 2878 est
516 2809 678 2888 Horatius,
703 2812 749 2876 its
763 2813 776 2896 j
788 2809 882 2875 amb
894 2831 1015 2876 orum
1033 2811 1139 2896 scrip·.¹

122 2944 207 3018 tores
217 2929 357 2997 Graecos
369 2929 458 2996 haud
469 2929 644 3018 neglexisse
657 2930 795 2997 ridetur.
808 2927 997 2996 Diomedes:
1023 2929 1152 2998 uiam·-

129 3136 412 3160 -u——n--d—

132 3268 171 3305 -ι
211 3250 352 3306 lmmsrilo
377 3253 488 3320 scripsit
519 3254 705 3308 Sellosssr
734 3251 1039 3324 op.1.11‚2‚2ll:
1076 3253 1146 3305 Dan

121 3349 204 3408 salsi
211 3366 275 3402 aus
284 3349 416 3404 Lucilim
436 3349 531 3404 aluta
550 3351 596 3404 des
609 3352 721 3407 Ennius
730 3350 866 3420 BryspieI
876 3351 949 3404 necis
960 3354 1019 3404 und
1028 3351 1143 3418 iseldis,

122 3428 316 3520 martiliacum
329 3433 477 3520 Tngenden
488 3449 538 3504 der
549 3447 642 3500 loten
653 3448 796 3500 Familien
804 3450 958 3518 gepriesen.
1010 3518 1017 3528 .

136 3523 175 3600 '2
211 3544 410 3615 rr.,x1v‚7.
429 3545 523 3598 ool..
544 3527 673 3606 ruenni
685 3545 723 3596 na
742 3543 827 3612 regn:

134 3624 185 3658 ’μ’
208 3639 283 3694 Nain
299 3651 381 3694 vetus
398 3640 450 3694 ille
469 3643 537 3693 Cato
555 3643 670 3711 dignum
686 3639 1034 3713 quemcunque-lacessito·

143 3723 157 3765 ’⁵
177 3743 181 3750 ‘
207 3739 382 3810 Appellai'rs,
402 3740 478 3810 quod
494 3741 555 3816 ipse
572 3719 844 3792 altason-senseras
859 3749 944 3793 esset.

121 3838 194 3891 llam
211 3841 336 3892 Prisci
343 3857 440 3890 anus·
459 3838 485 3890 X
502 3856 532 3905 p.
550 3855 602 3909 9⁰²
619 3837 715 3891 addit:
735 3837 817 3893 «Sed
828 3838 1077 3905 potestlacersisse
1088 3856 1137 3906 per

120 3953 267 4004 syncopem
289 3953 345 3988 esse
366 3935 504 4002 prolatum
518 3935 547 3987 vi
564 3935 708 4006 syllabae,
729 3943 759 3988 ut
778 3939 968 4014 cupisse-‚n
991 3934 1151 4004 Unde'ps-s.

122 4043 175 4098 tel,
192 4019 324 4088 laeserim
341 4051 394 4087 noo
417 4035 469 4104 legi
491 4053 582 4103 posse,
601 4035 675 4104 quod
693 4051 727 4086 ue
744 4033 1154 4105 vocabulum-quidembutiq.

119 4151 187 4186 num
218 4139 268 4184 est.
305 4130 429 4184 'l'uinelsl
458 4139 524 4185 τοῖο
545 4147 599 4185 non
624 4135 741 4193 subeat,
762 4147 832 4200 quae
850 4149 913 4186 reru
933 4131 1016 4186 lectio
1035 4133 1137 4198 fuerit„

119 4239 210 4285 lumen
233 4248 337 4284 sensum
358 4238 435 4285 rectu
460 4232 571 4286 videtur
592 4231 682 4284 Dousa
704 4229 846 4284 indicasse.
