2888 4972
608 466 669 530 291

139 657 211 722 ret,
244 665 353 710 nonna
376 646 501 730 majore
517 648 592 732 jure
615 645 745 710 Graccis
771 645 1006 711 vindicabimus
1027 659 1059 711 et
1079 647 1145 712 Ro-

139 763 241 829 manis
261 763 359 829 literis
382 763 564 830 emmemus
589 765 690 842 illud,
711 765 802 848 cujus
823 767 965 829 sormam
989 766 1145 830 domesti-

137 903 227 960 cam,
248 883 421 950 materiam
437 884 648 972 peregrinam
674 883 770 948 fuisse
794 883 945 950 constet?
974 881 1145 949 Hermann
1256 885 1259 890 '

137 1024 203 1067 non
237 1003 387 1090 negarit,
421 1006 510 1069 haud
532 1003 684 1090 exiguam
705 1002 773 1068 veri
796 1002 936 1086 speciem
960 1005 1147 1070 comoediae

135 1120 259 1206 priscae
272 1143 349 1189 cnm
363 1121 532 1186 Luciliana
544 1122 643 1186 satira
655 1122 934 1205 comparationem
948 1122 1079 1200 habere,
1092 1125 1147 1188 sed

136 1241 245 1316 addit,
270 1241 479 1326 quantumvis
499 1261 620 1328 magna
642 1239 684 1306 sit
705 1239 862 1305 libertatis
875 1253 907 1305 et
919 1241 1146 1308 amaritudinis

135 1360 224 1428 inter
252 1359 395 1428 comicos
419 1335 461 1424 ¹et
490 1360 632 1425 satiricos
658 1331 816 1437 affinitas,
838 1373 950 1454 tamen
969 1382 1030 1426 nec
1047 1359 1147 1426 metri

136 1481 356 1547 mutationem
388 1480 470 1546 tanti
504 1479 686 1546 faciendam
728 1501 815 1556 esse,
850 1489 883 1544 et
917 1479 979 1545 alia
1015 1501 1079 1545 csse
1111 1481 1147 1546 iu

135 1611 278 1684 unoque
306 1619 424 1686 genere
453 1599 597 1664 maxime
627 1571 802 1680 disparia}
823 1597 973 1682 primum
1003 1598 1092 1662 enim
1111 1599 1146 1662 iu

136 1717 304 1784 comoedia
316 1739 381 1784 esse
391 1719 472 1783 certi
493 1716 681 1805 argumenti
699 1715 932 1800 expositionem
950 1730 983 1782 et
1000 1718 1148 1801 descrip-

135 1838 279 1913 tionem,
309 1857 392 1922 quae
426 1837 461 1900 in
484 1835 589 1901 satiris
613 1835 822 1920 requiratur,
845 1848 919 1900 tum
944 1837 1146 1901 comoediam

135 1955 293 2042 spectanti
322 1957 448 2040 populo
479 1954 645 2030 exhiberi,
666 1954 799 2019 satiram
822 1955 959 2020 lectione
981 1957 1041 2020 teri
1059 1978 1147 2039 pau-

135 2075 289 2142 coruml.
335 2073 420 2141 Hinc
447 2073 522 2140 satis
550 2073 703 2150 efficitur,
739 2093 895 2160 magnam
919 2074 1053 2158 quidem
1074 2095 1146 2138 ma·

133 2196 235 2262 teriae
266 2193 512 2260 similitudinem
545 2193 639 2258 fuisse
673 2191 775 2258 satiris
800 2188 916 2258 Lucilii
942 2215 1019 2258 cum
1042 2194 1145 2277 prisca

134 2315 340 2381 Graecorum
369 2312 555 2389 comoedia,
588 2315 713 2376 formae
734 2331 811 2376 vero
828 2311 953 2398 insigne
970 2312 1145 2398 discrimen

132 2433 268 2518 utrique
292 2431 401 2518 generi
428 2429 646 2496 intercessisse.
687 2427 872 2496 Materiam
902 2441 1013 2496 autem
1041 2432 1145 2516 ipsam

132 2551 295 2619 Luciliani
334 2550 438 2634 operis
466 2552 537 2633 jam
571 2567 670 2632 supra
697 2551 787 2626 satis,
823 2547 960 2633 opinor,
996 2566 1145 2617 accurate

133 2669 447 2756 pervestigavimus,
465 2681 504 2732 ut
527 2666 652 2732 Horatii
674 2668 849 2734 auctoritas
872 2689 986 2733 rerum
999 2669 1144 2754 ipsarum

130 2792 153 2858 i.
179 2813 209 2856 e.
232 2767 508 2876 argumentorum·
534 2785 731 2870 expositione
755 2759 1008 2853 confirmetur2.
1054 2784 1145 2874 Quo-

130 2931 210 2976 rum
232 2908 424 2974 varietatem
444 2925 550 2992 quum
571 2925 788 2991 permagnam
800 2904 895 2970 fuisse
908 2907 1062 2989 patuerit,
1085 2927 1144 2990 po·-

131 3029 363 3112 tissimumque
391 3047 429 3090 ea
453 3025 645 3110 pertinuisse
662 3024 839 3090 uiderimus
860 3025 901 3089 ad
923 3045 1021 3090 omne
1045 3027 1146 3092 vitio-

130 3171 212 3216 rum
233 3146 268 3211 in
287 3143 456 3229 republica
476 3145 683 3232 gliscentium
706 3143 1016 3210 etinvalescentium
1032 3167 1145 3232 genus,

132 3269 180 3334 ita
201 3243 493 3332 animadvertimus
515 3258 635 3340 simul,
659 3285 726 3328 trun
750 3285 826 3328 eum
838 3263 910 3329 satis
920 3264 1066 3330 habuisse
1079 3259 1146 3330 En·

131 3387 181 3452 nii
211 3383 313 3450 instar
330 3381 511 3449 describere
533 3395 566 3447 et
586 3356 810 3465 exprobrare,
832 3381 857 3447 si
881 3375 960 3468 quid
983 3383 1017 3447 in
1040 3383 1148 3450 mori-

130 3508 218 3584 bus,
242 3499 362 3590 quibus
384 3515 459 3567 tum
481 3497 669 3579 vivebatur,
691 3514 748 3566 aut
772 3500 904 3566 ridiculi
922 3501 1064 3586 speciem
1084 3503 1147 3568 ha·

132 3599 250 3700 beret,
282 3634 340 3689 aut
367 3633 464 3706 turpe
489 3641 528 3687 ac
561 3597 758 3708 flagitiosum
789 3621 1026 3706 scelestumque
1047 3621 1146 3685 inesse

132 3742 319 3820 uideretur,
353 3742 409 3807 sed
442 3741 516 3826 plus
542 3739 679 3805 inuidiae
699 3753 815 3824 sponte
832 3739 964 3804 subiisse
991 3761 1028 3803 ac
1055 3759 1146 3805 secu·

132 3861 239 3929 ritatis
276 3861 426 3946 vitaeque
466 3881 541 3925 suae
583 3859 728 3944 periculo
764 3859 848 3926 cives
882 3858 964 3942 ipsos
993 3858 1144 3941 expressis

133 4039 413 4060 Q—-n-a—

167 4169 181 4207 r
220 4169 249 4222 p.
268 4169 314 4222 ²⁹·

169 4269 187 4307 a
223 4250 291 4304 lude
308 4266 321 4300 a
339 4266 368 4317 p.
387 4244 449 4320 ιδῃ.

634 4345 698 4408 ts*
