2888 4972
567 403 570 410 “
593 389 661 456 249

129 561 286 650 pudiabnt
304 567 402 631 istum
427 588 555 632 murem
581 569 712 652 Scipiu,
733 569 823 632 dolui
847 571 990 654 l'orisque
1005 571 1142 632 eandem

130 683 374 768 simplicitatem
398 699 431 750 et
451 686 686 750 amabilitatem
710 699 802 750 tuens
815 688 841 750 ¹.

176 800 334 866 Ceterum
351 823 430 866 sero
439 823 506 866 non
515 802 655 868 dubium
667 848 676 881 ,
687 804 768 887 quin
779 817 908 886 praeter
920 801 1141 891 Scipionis

131 921 301 984 virtutem
324 921 485 985 celebrata
503 943 635 1016 quoque
644 922 685 985 ab
698 943 736 985 eo
747 921 789 985 sit
801 924 904 985 mitis
916 921 1065 985 Laelii
1082 943 1144 983 so-

131 1041 279 1125 pientia.
304 1037 388 1102 Nam
409 1040 592 1104 amicorum
607 1061 667 1122 par
684 1039 765 1104 illud
779 1043 886 1104 suerat
898 1040 1043 1103 maxime
1055 1039 1145 1102 illus·

136 1169 185 1220 tre
198 1169 298 1240 atque
311 1157 503 1220 admirabile
516 1202 525 1232 ,
538 1160 634 1241 quale
647 1157 852 1222 adolescentis
865 1157 980 1222 Lucilii
994 1157 1144 1219 animum

135 1288 268 1360 tangere
282 1287 316 1340 et
336 1296 469 1339 morere
489 1289 522 1340 et
532 1275 659 1361 erigere
670 1275 847 1350 debuerat,
860 1275 928 1339 imo
941 1274 1146 1338 inflammare

138 1391 265 1456 virtutis
290 1371 480 1475 honestiuue
500 1411 635 1467 amore,
660 1392 704 1456 ita
729 1407 764 1455 ut
786 1389 912 1478 insigne
935 1392 1060 1474 pietatis
1072 1413 1146 1477 gra·

140 1511 227 1594 tique
261 1510 362 1573 animi
384 1523 637 1574 monumentum
660 1511 835 1574 condidisse
859 1511 1011 1576 dicendus
1036 1511 1077 1574 sit
1101 1531 1149 1572 u-

138 1627 302 1710 surpandi
336 1628 614 1714 propagandique
640 1647 756 1692 eorum
789 1629 938 1693 virorum
962 1629 1148 1705 memorii,

140 1745 195 1828 qni
215 1744 275 1808 sibi
297 1744 404 1828 ipsum
424 1745 660 1810 benivolentiae
682 1747 866 1830 amorisque
879 1747 1068 1811 testimoniis
1081 1753 1152 1810 om*

141 1861 175 1926 ui
204 1863 329 1927 ratione
357 1863 595 1937 devinxissent,
629 1884 840 1948 quorumque
873 1839 956 1928 alter
976 1885 1150 1928 commen-

141 1983 209 2046 dari
229 1981 304 2044 satis
320 1981 418 2067 digne
438 1981 506 2045 sine
527 1985 629 2045 altero
651 2003 717 2046 non
742 1983 904 2064 potuisset.
952 1981 1074 2064 Quodsi
1099 1983 1153 2044 illa

142 2098 411 2175 meminerimus,
436 2120 520 2183 quae
546 2121 562 2162 e
585 2097 741 2164 Cicerone
764 2102 804 2164 de
817 2097 928 2162 Laelio
942 2098 1083 2163 Gallonii
1098 2097 1153 2161 in-

143 2230 296 2300 crepante
315 2216 498 2302 inglusiem
520 2216 827 2294 memoravimust,
856 2219 926 2300 jam
947 2237 1013 2280 nou
1035 2216 1150 2282 obscu-

142 2355 218 2397 rum
241 2335 325 2410 erit,
347 2335 414 2417 ejus
427 2356 559 2420 quoque
575 2336 747 2399 disserendi
760 2347 866 2417 partes
879 2336 1035 2418 quasdam
1049 2335 1154 2400 fuisse.

145 2451 312 2516 Praeterea
344 2454 566 2536 suspicamur,
592 2453 698 2518 verbis
717 2451 896 2518 Ciceronis:
918 2477 937 2519 <s
950 2473 1017 2516 nou
1041 2451 1095 2515 ille
1113 2487 1157 2502 -

145 2569 270 2636 Laelius
294 2591 334 2636 eo
352 2573 456 2636 dictus
479 2586 526 2636 est
550 2577 709 2660 sopiens,
733 2575 823 2658 quod
846 2592 912 2635 non
937 2571 1155 2657 intelligeret,

145 2690 223 2774 quid
245 2689 472 2754 suavissimum
493 2703 572 2754 esset
598 2691 670 2778 (nec
692 2691 779 2755 enim
798 2690 965 2773 sequitur,
978 2703 1016 2752 ut
1030 2689 1081 2752 cui
1101 2709 1157 2752 cor

145 2807 269 2891 sapiat,
292 2807 321 2872 ei
341 2827 406 2870 non
422 2809 525 2890 sapiat
538 2805 711 2893 palatum),
729 2811 784 2872 sed
796 2806 873 2892 quia
893 2806 986 2889 parvi
1007 2806 1039 2868 id
1061 2807 1158 2868 duce·

146 2938 220 2989 ret»
245 2925 325 2990 effici
344 2945 453 3008 posse,
476 2925 641 2991 Lucilium
662 2925 840 2990 festivitatis
858 2945 934 2988 suae
947 2943 1040 2987 more
1051 2923 1158 2988 lusisse

147 3043 250 3110 inille
273 3044 394 3126 duplici
416 3046 611 3129 supientiae
634 3045 788 3118 notione,
813 3056 846 3106 et
868 3041 1017 3106 Laelium
1029 3039 1070 3103 ab
1083 3060 1160 3103 om-

148 3161 181 3238 ui
204 3175 297 3244 parte
317 3163 497 3244 sapientem
519 3183 703 3246 proponere
719 3161 901 3226 instituisse.
926 3157 1025 3242 Quod
1047 3170 1159 3221 autem

147 3300 186 3350 so
207 3282 279 3345 loco
300 3279 512 3366 distinguitur
536 3283 683 3346 libenter
703 3305 842 3346 consors
855 3293 887 3343 et
900 3275 1161 3351 denecosnorsss,

181 3460 194 3497 ι
233 3447 340 3496 Fron
353 3454 376 3497 t.
398 3447 521 3512 Strateg.
542 3436 596 3502 lv,
616 3439 644 3501 δ,
664 3456 691 3507 9.
710 3439 902 3492 Aemilianum
923 3444 1080 3514 Scipionem
1096 3451 1162 3494 irn-

148 3541 228 3602 diiur
245 3543 275 3592 in
293 3544 395 3592 itinere
414 3558 475 3592 cum
491 3538 591 3589 amicis
608 3534 821 3600 ambulantem,
844 3549 959 3608 accepto
976 3557 1066 3609 pane,
1086 3540 1162 3590 vesci

151 3637 278 3690 coliium.
296 3665 331 3678 -
350 3639 377 3688 P
386 3637 422 3688 iu
431 3645 453 3687 i.
471 3636 534 3688 Vii.
549 3634 594 3686 Τι’.
612 3634 659 3683 Gr·
672 3647 715 3684 ul.
741 3637 851 3689 gastrias,
866 3639 876 3682 i
890 3633 1064 3693 'Adpsausimi
1078 3635 1164 3680 nastes

152 3735 251 3794 ’Μυῖα
263 3734 350 3792 puilia
369 3733 505 3791 δικαιότερον
524 3730 578 3787 isaii
598 3735 686 3786 μΙλλον
699 3729 826 3788 drusius.

254 3856 263 3873 .
287 3819 349 3875 225.

183 3838 200 3967 Ξ
233 3837 393 3986 1ilersopls.
410 3909 603 3978 Mem.1‚5,5
620 3914 671 3979 (ci.
688 3909 759 3979 6,2)
779 3908 1166 3963 Socratemdicittsulnm

149 4012 206 4065 sibi
224 4013 362 4076 sumsisse,
388 4020 522 4082 quonlam
533 4011 566 4062 nd
583 4009 647 4062 illus
666 4007 831 4061 coenandum
844 4006 989 4058 sufficeret.
1008 4005 1163 4060 Discrimen

151 4117 252 4176 autem,
276 4109 350 4181 quod
372 4111 475 4162 indicat
493 4107 620 4168 Laelius,
646 4109 680 4159 sb
700 4105 894 4172 Epicureis
912 4111 940 4156 sl
957 4104 1097 4158 Stoicis
1115 4121 1164 4156 re·
1229 4099 1240 4124 '
