2860 4974
605 351 664 414 177

144 551 183 594 ac
203 529 288 592 ratio
300 531 367 610 ipsa
378 531 503 592 refellat
517 527 543 592 ¹.
556 549 575 587 a
599 529 676 611 Quo
692 527 916 613 significabat,
941 527 1009 610 ejus
1022 546 1088 589 non
1101 545 1166 588 esse

144 647 179 710 in
192 646 299 712 serbis
311 649 465 722 haerere,
488 647 639 710 interesse
654 667 734 710 vero
753 646 864 710 riarde
875 666 914 710 ac
933 645 1057 709 discere
1074 645 1165 727 quod

145 766 365 829 frumcntario
396 765 491 830 onice
511 765 659 848 expediat
679 765 761 829 scire
788 785 831 828 ne
846 763 1035 847 decipiatur.
1082 761 1165 824 Puto

145 883 300 966 equidem
324 905 401 948 cum
423 885 485 946 hac
506 881 694 946 narratione
712 903 768 957 ea,
791 903 876 967 quae
897 877 1165 967 orthographiam

143 1013 350 1083 spectarent,
372 1014 461 1064 arcte
478 999 672 1076 cohaesisse,
695 998 740 1062 ita
764 1012 803 1062 ut
824 998 1003 1062 narrationi
1023 997 1082 1080 ipsi
1105 997 1167 1060 ad-

143 1119 363 1202 jungerentur
390 1137 474 1200 quae
491 1117 722 1183 frumentarios
744 1117 826 1180 niun
847 1117 1000 1180 attineret
1022 1115 1170 1208 novisse,

145 1237 257 1298 doctos
292 1255 369 1299 vero
398 1248 432 1299 et
464 1235 615 1300 cultiores
647 1238 762 1322 fugere
791 1256 858 1298 non
888 1234 1055 1299 deberent.
1114 1229 1168 1295 Sic

146 1351 283 1434 quidem
298 1353 393 1416 facile
412 1353 627 1436 assequimur,
651 1353 842 1418 facetissima
859 1354 939 1416 haec
951 1348 1069 1415 Lucilii
1084 1349 1168 1413 fub-

144 1491 202 1545 te,
232 1489 317 1553 quae
339 1470 484 1534 maxime
501 1472 615 1554 jejuna
638 1491 703 1534 esse
731 1470 934 1568 debuissent,
963 1470 989 1534 si
1014 1470 1108 1532 urtice
1126 1469 1167 1530 ad

147 1585 250 1651 verba
281 1601 314 1651 et
336 1587 443 1652 literas
475 1588 543 1652 otio
570 1590 732 1652 lectorum
760 1587 878 1652 abusus
904 1602 994 1652 esset.
1041 1585 1167 1650 Iudicat

148 1718 261 1768 autem
285 1703 474 1781 Aruobius,
498 1725 697 1792 magnopere
720 1705 874 1790 placuisse
895 1703 1082 1789 aequalibus
1104 1703 1168 1768 suit

145 1821 173 1886 F
174 1821 320 1886 ornicem
338 1822 562 1898 Lucilianum,
585 1843 686 1906 quem
709 1823 919 1909 obsignatum
931 1823 1094 1886 memoria
1107 1825 1169 1885 ba·

147 1940 274 2005 beraut.
322 1939 477 2005 Ceterum
507 1943 570 2006 hoc
597 1939 706 2019 libro,
734 1943 824 2026 quod
842 1940 941 2005 tertio
963 1940 1167 2012 instituerat.

147 2058 411 2125 emendationem
435 2059 647 2143 antiquorum
672 2065 844 2142 poetarum
874 2059 1066 2122 Latinorum
1091 2078 1168 2122 con-

149 2177 300 2242 tinuerit.

193 2294 289 2359 Libri
305 2293 451 2359 decimi
475 2297 564 2380 quod
581 2310 817 2384 argumentum
839 2295 953 2370 suerit,
974 2295 1075 2358 vitam
1088 2293 1170 2357 Per·

146 2415 186 2478 sii
202 2413 331 2496 aperire
351 2412 511 2479 existimo.
534 2413 666 2479 iuvenis
684 2415 772 2478 enim
787 2415 840 2479 hic
851 2418 935 2478 lecto
954 2435 992 2478 eo
1006 2413 1091 2477 libro
1109 2435 1168 2476 ve·

148 2533 323 2596 hementer
346 2545 467 2614 satyras
496 2552 693 2614 componere
726 2545 779 2595 stu
789 2532 883 2596 luisse
916 2533 1031 2595 fertur.
1078 2529 1167 2614 Qua·

148 2661 286 2732 propter
304 2649 372 2731 ejus
392 2647 467 2710 libri
488 2648 684 2730 principium
704 2649 848 2712 imitatus
865 2662 935 2727 est,
957 2649 1016 2712 sibi
1038 2647 1167 2732 primo,

148 2787 229 2830 mox
245 2764 399 2829 omnihus
416 2766 677 2842 detrectaturus,
700 2787 780 2830 cum
792 2779 882 2829 tanta
894 2765 1075 2830 recentium
1089 2771 1167 2847 pod-

148 2899 262 2950 tarum
287 2896 320 2946 et
347 2897 516 2946 oratorum
548 2883 776 2956 insectatione,
809 2897 847 2946 ut
879 2883 977 2946 etiam
1001 2881 1165 2946 Neronem

149 2999 364 3084 culpaverit&
380 2999 660 3068 Utadmirabilem
675 2999 751 3064 hinc
764 2999 1166 3086 intelligimusLucilianae

148 3123 279 3200 poeseos
299 3116 366 3182 vim
387 3117 496 3191 fuisse,
520 3139 586 3201 qua
606 3117 758 3182 exarserit
779 3117 888 3180 subito
900 3119 940 3180 ad
955 3115 1164 3181 scribendum

149 3235 291 3311 Persius,
316 3236 360 3299 ita
385 3238 471 3298 baud
492 3236 605 3298 leviter
626 3235 844 3318 suspicamur,
865 3234 1041 3316 peculiares
1065 3257 1163 3319 quas-

149 3357 224 3417 dam
259 3353 394 3415 sirtutes
422 3365 454 3415 et
477 3353 675 3436 singularem
699 3353 773 3415 libri
793 3352 910 3416 decimi
932 3355 1163 3436 praestantiam

137 3460 255 3534 'baisse
272 3467 360 3552 Quid
367 3490 443 3532 vero
455 3469 536 3532 illud
547 3483 636 3544 esset,
646 3491 714 3553 quo
728 3483 884 3554 tanquam
898 3472 1023 3536 afflatus
1036 3473 1163 3536 silenti-

152 3609 208 3650 um
225 3601 393 3669 rumperet
410 3587 479 3663 ille,
492 3589 578 3651 haud
592 3589 680 3651 latet.
703 3586 833 3672 Quippe
844 3589 917 3653 satis
931 3590 1072 3654 iudicant
1087 3611 1164 3672 pos-

154 3721 255 3771 trema
271 3706 380 3778 verba,
399 3727 549 3770 exorsum
569 3727 633 3770 esse
645 3706 810 3771 Lucilium
826 3710 906 3772 asui
931 3709 1027 3792 ipsius
1045 3731 1162 3790 repro·

186 3947 197 3982 t
236 3933 287 3983 Fr.
309 3929 363 3987 lX,
382 3931 415 3989 l,
436 3931 478 3990 23,
500 3931 571 3980 Facit
591 3929 644 3982 buc
663 3931 747 3984 Nonii
763 3933 931 3998 explicatio:
954 3933 1101 3986 Discere
1119 3945 1162 3988 cat

153 4029 274 4094 ignotam
291 4045 348 4078 rem
368 4029 527 4078 meditando
546 4032 669 4100 assequi.

187 4143 202 4176 2
236 4123 305 4190 Sap.
324 4143 350 4190 p.
371 4125 427 4176 125.

671 4228 709 4287 12
