2888 4972
771 435 837 502 ass
896 397 898 400 ’

287 615 399 682 hicum
436 627 482 680 est
511 635 644 679 carmen
675 614 900 690 maledicum,
936 615 1134 700 plerumque
1151 615 1307 682 trimetro

288 754 382 799 versu
419 746 453 797 et
489 735 592 816 epodo
621 747 777 817 sequente
810 733 1041 818 compositum,
1087 732 1303 820 appellatum

289 865 336 916 est
368 855 455 937 παρὰ
479 855 514 915 τὸ
538 852 714 940 ἰαμβίζειν,
751 853 840 937 quod
866 865 913 917 est
946 851 1151 924 maledicere.
1199 851 1304 939 Cujus

285 971 437 1036 carminis
454 971 620 1054 praecipui
636 971 808 1055 scriptores
825 972 913 1055 apud
932 970 1072 1038 Graecos
1085 971 1304 1038 Archilochus

286 1104 320 1156 et
332 1089 516 1174 Hipponax,
530 1094 617 1174 apud
630 1091 796 1158 Romanos
811 1089 980 1155 Lucilli
991 1112 1034 1156 us
1058 1107 1091 1156 et
1106 1090 1253 1158 Catullus
1265 1107 1303 1158 et

285 1208 438 1274 Horatius
457 1223 490 1274 et
507 1209 679 1274 Bibaculus
692 1209 718 1276 ¹.
732 1185 756 1273 u
776 1209 849 1275 Non
873 1210 981 1282 minus
993 1209 1110 1282 diserto
1122 1209 1178 1275 hio
1190 1233 1209 1276 a
1220 1211 1304 1276 Dro-

287 1331 383 1394 mede
403 1332 444 1394 ad
459 1329 716 1416 jambographos
730 1329 878 1406 Latinos,
901 1349 1114 1415 quarntupra
1127 1351 1304 1396 memora-

285 1461 321 1514 to
342 1451 413 1512 loco
440 1449 481 1512 ad
506 1445 746 1535 satirographos
775 1451 927 1515 refertur.
975 1447 1156 1534 Appulejus
1184 1462 1303 1516 autem

285 1570 374 1632 haud
399 1568 496 1632 aliam
529 1567 622 1631 nohis
644 1568 838 1632 sententiam
853 1567 992 1652 probat:
1020 1567 1174 1640 «Eadem
1196 1567 1301 1654 igitur

284 1687 385 1771 operia
402 1699 552 1752 accusent
575 1684 818 1764 C.Catullum‚
843 1689 933 1772 quod
956 1685 1108 1752 Lesbiam
1129 1707 1193 1771 pro
1216 1685 1300 1753 Clo-

284 1806 337 1870 dia
360 1804 604 1870 nominarit-
627 1818 660 1869 et
682 1803 877 1880 Tibullum,
902 1807 992 1890 quod
1014 1805 1043 1869 ei
1065 1804 1107 1872 sit
1129 1805 1242 1870 Plania
1262 1804 1300 1870 in

284 1924 406 2000 animo,
430 1922 523 1987 Delia
546 1923 581 1987 in
602 1943 695 1988 versu
711 1950 718 1986 :
742 1936 775 1987 et
787 1923 922 2008 quidem
935 1921 974 1988 C.
989 1922 1165 1999 Lucilium,
1179 1943 1299 2008 quam-

284 2040 691 2129 quamsitjambieus,
710 2054 822 2106 tamen
843 2039 1072 2124 improbarim,
1097 2043 1188 2125 quod
1209 2039 1299 2106 Gen·

282 2161 369 2226 tium
396 2173 429 2225 et
452 2157 664 2224 Macedonem
686 2160 813 2224 directis
840 2158 1028 2224 nominibus
1060 2159 1206 2224 carmine
1238 2181 1300 2226 suo

282 2277 487 2364 prostituerit
498 2276 527 2342 ².
538 2297 556 2338 u
607 2275 663 2342 His
692 2276 883 2342 testimoniis
912 2279 1085 2362 numquod
1114 2277 1299 2343 evidentius

281 2396 536 2484 postulabimus,
559 2409 598 2460 ut
614 2394 709 2460 nobis
728 2409 867 2474 constet,
884 2396 1028 2482 jambico
1041 2397 1188 2462 carmine
1200 2418 1298 2462 usum

282 2537 347 2582 esse
368 2511 556 2582 Lucilium?
579 2511 681 2592 Nam,
702 2516 792 2598 quod
812 2514 846 2578 in
872 2514 1027 2600 AppuleJi
1047 2516 1213 2582 codicibus
1236 2539 1299 2603 pro

282 2635 446 2701 Lucilium
465 2631 711 2710 Lucretiam
733 2631 1186 2720 etLueullumscriptum
1200 2637 1299 2702 inre-

280 2755 394 2830 nitur,
418 2752 560 2841 vulgaris
582 2773 676 2819 error
699 2752 782 2818 estss.
806 2751 920 2839 Neque
941 2775 1019 2820 vero
1039 2769 1177 2838 propter
1190 2759 1295 2821 solam

280 2873 432 2940 carminis
441 2871 723 2938 maledicentiam
734 2871 769 2935 in
778 2872 1100 2960 jambographorum
1115 2895 1297 2940 numerum

278 2993 451 3059 Diomedes
483 2991 650 3056 Lucilium
668 2991 800 3067 retulit,
825 2991 949 3077 quippe
970 2992 1027 3078 qui
1051 2995 1195 3058 eundem
1217 2993 1296 3060 sati-

278 3133 335 3180 rae
357 3111 379 3180 i.
393 3133 422 3178 e.
446 3107 598 3179 carminis
618 3109 785 3174 maledici
795 3110 1007 3194 scriptoribus
1021 3110 1209 3196 adscripsit3
1236 3133 1297 3176 un·

280 3234 321 3298 de
345 3242 436 3316 patet
459 3227 591 3314 proprie
612 3249 690 3292 eum
717 3230 867 3294 locutam
889 3250 975 3306 esse,
998 3250 1106 3315 quum
1124 3230 1161 3294 in
1184 3251 1298 3315 prae·

281 3347 412 3433 cipuis
440 3349 529 3432 apud
558 3347 724 3412 Romanos
747 3349 815 3434 ejus
837 3345 966 3435 generis
995 3347 1212 3434 scriptoribus
1229 3349 1298 3434 pri·

279 3489 377 3534 mum
401 3466 566 3532 Lucilium
585 3477 760 3532 memoret.
805 3463 928 3554 Quodsi
951 3489 1028 3534 vero
1050 3463 1300 3556 Quintilianum

280 3587 499 3663 consulimus,
523 3585 602 3684 qui,
625 3585 713 3656 lacta
734 3585 852 3653 satirae
874 3587 1053 3665 mentione,
1069 3585 1229 3674 jambum
1242 3599 1298 3654 at·

279 3705 402 3797 tingit,
425 3705 520 3775 facile
542 3705 648 3780 refelli
667 3719 814 3776 nostram
834 3707 1024 3796 opinionem
1043 3720 1212 3793 putemur.
1242 3705 1299 3774 Sic

315 4012 328 4050 1
370 3999 419 4050 Gr.
437 3995 482 4050 lll
500 4013 529 4064 p.
547 3995 610 4051 482.

313 4115 331 4152 2
365 4097 409 4148 De
425 4097 524 4166 Magia
541 4113 567 4152 e·
587 4113 629 4152 to.
648 4095 694 4152 Cf.
711 4098 837 4152 Darasa
855 4097 895 4155 od
909 4096 1006 4155 hasil.
1023 4113 1052 4166 p.
1071 4112 1132 4152 rra.

314 4193 331 4247 5
364 4191 410 4250 cf·
428 4210 456 4262 Ρ·
474 4210 502 4265 9,
522 4191 582 4254 25⁵0
