2894 4986
613 441 655 504 73

136 618 289 684 celebrati
315 621 356 683 de
373 617 573 705 Carthagine
593 634 626 685 et
643 618 811 684 Corintho.
835 617 909 704 Qua
921 623 1052 685 turtunu
1065 623 1134 684 sao·

16 823 17 836 ¹
132 753 202 804 tum
216 751 265 814 ut,
277 758 361 822 quae
375 737 482 804 civitas
494 751 588 803 antea
600 736 796 802 continentid
809 737 1066 824 abstinentidque
1077 759 1136 824 ve·

131 879 184 924 rec
229 856 429 922 fortitudinis
468 859 598 922 laudern
630 857 824 934 meruisset,
854 858 1020 923 contrariis
1054 857 1136 924 vitiis

132 989 349 1062 mergeretur.
385 971 515 1059 Quippe
536 974 702 1058 publicem
723 975 1017 1062 magnificentiam,
1036 997 1137 1061 quam

135 1095 253 1178 prioris
284 1091 440 1176 Scipionis
462 1113 511 1156 res
532 1101 643 1179 gestae
665 1095 859 1170 edicerent,
879 1111 988 1160 secuta
1012 1095 1138 1179 privata

133 1211 263 1276 luxuria
285 1210 330 1276 sic
349 1209 541 1275 abalienavit
553 1231 572 1274 a
584 1209 780 1292 reipublicae
799 1210 993 1296 cogitatione
1002 1211 1137 1288 animos,

134 1343 170 1395 ut
207 1328 305 1394 fracti
328 1341 360 1393 et
377 1327 533 1392 debilitati
554 1328 587 1392 iu
612 1328 701 1410 turpi
721 1328 926 1411 privatorum
942 1332 1137 1395 commodo-

134 1469 211 1512 rum
234 1467 316 1514 oura
343 1459 378 1510 et
407 1445 661 1529 ampiificatione
680 1446 869 1512 desiderent.
914 1448 1063 1535 Eamque
1085 1469 1141 1514 re-

133 1587 210 1631 rum
247 1565 541 1630 commutationem
563 1564 658 1648 pauci
678 1577 751 1629 turn
777 1564 970 1649 praevidisse
991 1568 1142 1634 censendi

134 1696 229 1758 suut,
266 1703 371 1766 quum
406 1682 460 1748 illa
495 1683 669 1748 constituta
703 1682 898 1767 reipublicae
914 1685 1142 1753 immortalitas

138 1801 321 1866 videbatur.
368 1799 407 1864 In
438 1800 547 1882 paucis
583 1820 660 1864 vero
696 1801 884 1886 patriaeque
919 1803 1143 1868 amantissimis

136 1919 216 2006 quin
240 1917 349 2002 Scipio
369 1932 402 1983 et
421 1919 547 1984 Laelius
573 1919 716 1994 suerint,
739 1919 884 1984 dubitari
906 1921 1031 2006 nequit.
1054 1919 1144 2007 Quos

136 2039 192 2103 nisi
216 2039 285 2122 ipse
308 2059 420 2102 rerum
442 2052 542 2102 status
564 2037 763 2114 advertisset,
785 2059 947 2103 memores
960 2039 1147 2104 reddidisset

137 2156 261 2243 Polybii
274 2157 438 2244 sagacitas.
462 2155 571 2240 Atque
584 2157 680 2240 hujus
693 2155 828 2240 quidem
837 2156 950 2239 judicii
973 2157 1145 2222 auctoritas

138 2274 266 2352 effecit,
288 2288 327 2340 ut
348 2273 456 2358 Scipio
480 2273 616 2340 censuri
640 2273 770 2351 abiem,
794 2274 930 2358 antiquo
951 2275 1037 2340 mori
1048 2276 1146 2341 obro-

138 2409 250 2481 garet,
287 2414 353 2478 quo
384 2393 440 2460 dii
468 2395 688 2459 immortates
710 2405 750 2458 ut
769 2393 896 2480 populi
918 2390 1070 2459 Rotnani
1092 2417 1147 2460 res

109 2502 111 2506 ⁵
140 2513 302 2578 meliores
334 2513 587 2601 amplioresque
608 2511 790 2600 facerent,
813 2528 1019 2600 rogarentur.
1063 2513 1148 2580 Nam

139 2635 283 2698 lustrum
318 2632 457 2696 condens
478 2630 533 2696 ille
556 2631 683 2708 «satu,
716 2630 844 2715 inquit,
868 2630 971 2696 bonae
994 2653 1031 2697 ac
1053 2653 1151 2721 mag-

141 2773 200 2816 uae
230 2763 318 2816 sunt.
361 2747 478 2834 Itaque
512 2769 629 2833 precor
661 2760 700 2814 ut
721 2769 772 2814 eas
788 2756 951 2833 perpetuo
972 2749 1152 2817 incolumes

139 2869 340 2934 sementi.»
386 2868 502 2934 Decuit
528 2867 629 2954 igitur
653 2867 748 2932 illum
772 2881 806 2933 et
829 2867 977 2932 Laelium
997 2869 1152 2935 sollicitu-

140 2989 183 3054 do
219 2988 296 3064 itta,
327 3007 429 3072 quam
460 3007 578 3074 augere
611 2985 766 3051 Romanis
797 2986 911 3051 debuit
940 3007 1025 3052 nova
1047 3007 1151 3070 opum

141 3106 299 3183 accessio,
323 3105 511 3171 Attalorum
540 3105 738 3170 haereditate
767 3117 862 3188 parta
883 3127 913 3170 a.
938 3105 1006 3170 624
1032 3102 1150 3194 (130),

142 3226 176 3288 iu
209 3243 277 3310 qua
307 3226 503 3289 cumulanda
521 3223 742 3310 cognoscimus
762 3224 886 3288 malam
907 3222 1008 3286 fidem
1031 3222 1156 3289 Roma·

141 3363 275 3408 norum.
319 3339 432 3428 Neque
453 3339 574 3426 injuriis
597 3341 785 3406 historicus:
812 3365 830 3407 n
840 3339 916 3406 Asia
926 3340 1154 3408 Romanorum

142 3462 227 3526 fucta
258 3480 337 3525 eum
361 3459 477 3545 opibus
504 3459 568 3526 suis
597 3459 674 3525 vitia
706 3478 837 3543 quoque
870 3457 1015 3526 Romam
1046 3473 1155 3526 nam·

144 3579 234 3644 misit
247 3578 306 3644 ⁹.»

186 3695 276 3764 Haec
305 3697 405 3785 igitur
434 3696 629 3762 extrinsecus
653 3695 783 3762 invecta
803 3699 891 3764 male
914 3709 1076 3781 quantum
1094 3699 1155 3763 de·

161 4057 174 4096 t
221 4044 308 4096 rat.
331 4047 430 4097 Mas.
455 4041 613 4110 1V‚t‚1o·
635 4042 841 4115 etr-Polyb.
853 4047 924 4099 Erec.
935 4039 955 4098 Ι.
967 4040 1115 4110 XXXIX,
1128 4045 1155 4100 6.

144 4141 285 4212 (Scriptt.
301 4151 371 4196 vett.
390 4160 463 4195 nova
475 4141 584 4195 collect.
602 4139 646 4207 Π,
664 4141 741 4211 460).

178 4257 196 4292 2
232 4241 386 4294 lustin.
403 4241 478 4294 nise.
496 4239 639 4304 xxxvl,
658 4241 685 4294 4.
