2860 4974
612 389 672 452 tau

139 569 285 634 univerae
294 589 393 653 opera
406 569 500 631 laude
510 564 776 650 prosequebatur,
789 557 1037 649 enthymemata
1049 579 1147 644 quac-

136 691 213 752 dam
241 688 392 771 carpsisse
405 685 433 750 ¹.
481 683 608 750 Certiua
632 695 698 760 eat,
723 703 761 746 ea
780 681 930 746 libertate
949 701 1026 744 eum
1048 698 1144 743 tuum

139 804 233 868 fuisse
255 804 290 866 iu
315 801 511 886 Euripide
535 803 700 878 notando,
723 821 777 876 ac,
798 811 876 864 teste
888 797 997 862 Tullio
1009 796 1147 871 Tirone,

140 923 201 986 hoc
223 919 350 985 Graeco
378 925 495 1003 poetae
524 917 660 984 Latinus
685 923 783 1001 poe'ta
805 916 885 983 sitio
904 916 1015 992 dedit,
1039 915 1151 998 quod,

140 1058 218 1100 cum
242 1036 461 1123 Polyphontes
485 1058 543 1101 rex
562 1049 738 1120 propterea
759 1034 1000 1100 seinterseoisse
1012 1035 1149 1096 fratrem

144 1151 409 1242 (Cresphontem)
436 1154 572 1231 diceret,
608 1155 698 1238 quod
731 1153 798 1236 ipse
820 1165 895 1218 ante
918 1155 958 1216 de
982 1171 1060 1215 nece
1083 1153 1151 1235 ejus

142 1272 312 1336 consilium
344 1271 503 1355 cepisset,
537 1270 696 1354 Meropa,
727 1270 835 1335 fratria
870 1290 971 1346 uxor,
1006 1269 1090 1334 hisce
1114 1269 1153 1331 ad

144 1411 220 1454 eum
244 1390 350 1454 verbis
373 1390 523 1455 eluserit:

189 1509 233 1570 Et
254 1511 315 1592 γὰρ
338 1505 514 1590 adiudha,
537 1510 580 1584 ὥς
603 1511 640 1573 sd
658 1513 741 1590 φῆν,
765 1509 900 1573 κτείνειν
923 1511 1032 1584 πόσις,

190 1631 263 1711 Χρὴ
287 1628 340 1689 ani
364 1629 397 1690 os*
419 1624 566 1707 μέλλειν,
589 1629 632 1700 ὡς
656 1631 765 1714 χρόνον
789 1625 888 1708 δῆθεν
912 1633 1016 1711 παρῆν
1029 1625 1057 1687 ².

150 1744 224 1809 «At
243 1747 309 1810 hoc
327 1744 416 1808 eninr
431 1781 471 1796 -
495 1745 584 1808 addit
601 1744 730 1808 Tiro-
747 1746 843 1828 piane
854 1744 1008 1809 stultitiae
1020 1745 1155 1827 plenum

148 1875 217 1936 est,
240 1881 281 1925 eo
303 1861 436 1926 consilio
458 1874 557 1946 atque
579 1882 617 1925 ea
637 1859 697 1924 fini
716 1864 821 1926 iacere
841 1863 924 1927 velie
944 1861 1086 1945 aliquid,
1108 1859 1156 1923 uti

150 1999 321 2062 nunquam
357 1977 390 2041 id
422 1976 541 2053 satias,
576 1981 665 2063 quod
696 1976 812 2043 veriat.
828 1997 846 2040 u
899 1977 1044 2060 Apparet
1077 1979 1157 2040 haee

149 2117 212 2160 ease
234 2097 385 2160 desumta
406 2117 445 2160 ex
463 2095 626 2178 Euripidis
648 2095 813 2182 tragoedia
834 2094 1045 2176 Cresphonte.
1076 2093 1163 2158 Cre·

151 2213 248 2278 dibile
272 2229 382 2278 autem
416 2223 486 2290 est,
509 2213 620 2278 oblata
642 2213 806 2286 occasione
826 2211 1064 2300 Euripideum
1083 2235 1160 2277 sen·

152 2331 289 2396 tentiam
311 2353 329 2395 a
351 2329 476 2394 Lucilio
498 2333 726 2414 reprehensam
751 2351 838 2406 esse,
862 2343 935 2394 tum
957 2350 1061 2414 quum
1085 2332 1161 2396 data

151 2448 252 2532 opera
265 2447 474 2512 Ennianum
488 2448 682 2534 cognomine
694 2447 895 2534 tragoediam
911 2469 1024 2513 severo
1041 2449 1164 2532 judicio

153 2580 415 2650 persequeretur.
461 2564 571 2650 Quam
593 2579 632 2630 ut
657 2587 840 2649 expressam
866 2586 906 2630 cx
935 2563 1061 2631 Graeca
1083 2546 1164 2633 exis-

154 2683 263 2748 timari
287 2685 460 2760 convenit,
494 2684 542 2748 ite
562 2684 635 2748 fieri
654 2685 783 2768 potuit,
817 2697 854 2748 ut
877 2705 914 2748 ea
937 2686 1072 2769 quidem
1095 2683 1165 2751 Me·

154 2821 254 2885 rupae
274 2801 374 2866 verba
394 2802 551 2865 vertendo
573 2801 796 2866 emendaverit
819 2800 965 2877 Ennius,
990 2821 1057 2885 quo
1080 2803 1166 2888 sugit

153 2918 275 2985 satirioi
286 2924 402 3002 poetae
418 2919 592 3002 impetum.
606 2939 707 3003 quem
721 2919 849 3002 excepit
859 2919 1000 3004 tragicus
1012 2915 1166 2984 Grueeua.

197 3035 294 3100 Libri
316 3035 460 3100 decimi
478 3036 582 3100 sexti
601 3035 736 3099 titulum
750 3035 961 3122 eognovimus
973 3031 1166 3099 suisseCoi·

155 3155 303 3242 lyram,
326 3176 346 3218 a
368 3155 495 3236 puellae
513 3152 648 3218 nomine
666 3155 822 3228 ductum,
846 3171 947 3238 quam
967 3156 1063 3234 podtu
1075 3173 1165 3218 ama·

157 3273 215 3338 vit.
269 3269 380 3355 Quin,
405 3283 642 3357 argumentum
670 3269 851 3336 maximam
874 3281 1003 3352 partem
1032 3271 1067 3336 in
1099 3273 1167 3358 ejus

154 3391 311 3455 'canendis
332 3389 480 3454 laudibus
506 3401 670 3454 versatum
695 3407 786 3462 esee,
810 3387 866 3452 etsi
891 3389 1077 3474 fragmenta
1100 3411 1167 3456 non
1222 3427 1224 3432 ,
1339 3467 1343 3476 ‚

195 3713 206 3751 t
246 3695 498 3768 Fragm.lx‚16.

191 3809 210 3848 a
247 3795 286 3846 Te
301 3794 467 3862 perditurus
479 3793 601 3859 jamjam
617 3793 645 3844 ai
660 3795 762 3860 conjux
769 3797 871 3868 fieret,

245 3891 286 3942 Bt
304 3889 395 3960 tefae
405 3888 526 3955 jamjam
542 3911 574 3926 -·
593 3889 700 3959 quippe
717 3889 830 3943 abunde
847 3899 911 3943 erat
928 3907 1033 3944 morae.

195 3985 214 4037 ὃ
250 3984 417 4040 Gellius
438 3981 510 4046 vlt,
530 3983 558 4045 ὅ,
582 3985 625 4035 28.
656 3983 758 4038 (ΕΑ.
781 3983 1016 4038 &Wclcku
1043 3987 1171 4041 riboariis

165 4085 214 4136 Gr.
236 4086 321 4152 Trcg.
341 4080 456 4152 (iiheiu.
474 4083 549 4134 Mus·
569 4079 635 4149 t839
657 4079 755 4149 Suppi·
775 4077 816 4144 ii,
837 4096 898 4148 ap.
916 4075 990 4150 857).
