<?xml version="1.0" encoding="UTF-8"?>
<!DOCTYPE html PUBLIC "-//W3C//DTD XHTML 1.0 Transitional//EN"
    "http://www.w3.org/TR/xhtml1/DTD/xhtml1-transitional.dtd">
<html xmlns="http://www.w3.org/1999/xhtml" xml:lang="en" lang="en">
 <head>
  <title>
</title>
<meta http-equiv="Content-Type" content="text/html;charset=utf-8" />
  <meta name='ocr-system' content='tesseract 3.04.00' />
  <meta name='ocr-capabilities' content='ocr_page ocr_carea ocr_par ocr_line ocrx_word'/>
</head>
<body>
  <div class='ocr_page' id='page_1' title='image "./studiacriticain01heusgoog_0310.png"; bbox 0 0 2888 4972; ppageno 0'>
   <div class='ocr_carea' id='block_1_1' title="bbox 634 495 705 577">
    <p class='ocr_par' dir='ltr' id='par_1_1' title="bbox 634 495 705 577">
     <span class='ocr_line' id='line_1_1' title="bbox 634 495 705 577; baseline 0 -17"><span class='ocrx_word' id='word_1_1' title='bbox 634 495 705 577; x_wconf 77' lang='lat'><strong>³035</strong></span> 
     </span>
    </p>
   </div>
   <div class='ocr_carea' id='block_1_2' title="bbox 164 670 1174 870">
    <p class='ocr_par' dir='ltr' id='par_1_2' title="bbox 164 670 1174 870">
     <span class='ocr_line' id='line_1_2' title="bbox 164 670 1171 762; baseline -0.006 -16"><span class='ocrx_word' id='word_1_2' title='bbox 164 679 239 748; x_wconf 82' lang='lat' dir='ltr'><strong>miti</strong></span> <span class='ocrx_word' id='word_1_3' title='bbox 273 695 367 754; x_wconf 83' lang='lat' dir='ltr'><strong>more</strong></span> <span class='ocrx_word' id='word_1_4' title='bbox 402 673 590 745; x_wconf 74' lang='lat' dir='ltr'><strong>cavillatum</strong></span> <span class='ocrx_word' id='word_1_5' title='bbox 625 691 701 742; x_wconf 76' lang='lat' dir='ltr'><strong>esse.</strong></span> <span class='ocrx_word' id='word_1_6' title='bbox 759 670 859 740; x_wconf 84' lang='lat' dir='ltr'><strong>Possit</strong></span> <span class='ocrx_word' id='word_1_7' title='bbox 887 673 1021 762; x_wconf 78' lang='lat' dir='ltr'><strong>quaeri,</strong></span> <span class='ocrx_word' id='word_1_8' title='bbox 1056 688 1171 741; x_wconf 77' lang='lat' dir='ltr'><strong>utrum</strong></span> 
     </span>
     <span class='ocr_line' id='line_1_3' title="bbox 166 791 1174 870; baseline -0.007 -3"><span class='ocrx_word' id='word_1_9' title='bbox 166 799 258 868; x_wconf 79' lang='lat' dir='ltr'><strong>unice</strong></span> <span class='ocrx_word' id='word_1_10' title='bbox 291 791 472 862; x_wconf 79' lang='lat' dir='ltr'>hexametri</span> <span class='ocrx_word' id='word_1_11' title='bbox 505 813 602 858; x_wconf 87' lang='lat' dir='ltr'><strong>usum</strong></span> <span class='ocrx_word' id='word_1_12' title='bbox 633 793 663 858; x_wconf 88' lang='lat' dir='ltr'><strong>ei</strong></span> <span class='ocrx_word' id='word_1_13' title='bbox 695 791 860 870; x_wconf 78' lang='lat' dir='ltr'><strong>debuerit,</strong></span> <span class='ocrx_word' id='word_1_14' title='bbox 877 801 882 860; x_wconf 79' lang='grc' dir='ltr'>ξ</span> <span class='ocrx_word' id='word_1_15' title='bbox 900 815 943 858; x_wconf 85' lang='lat' dir='ltr'><strong>sn</strong></span> <span class='ocrx_word' id='word_1_16' title='bbox 972 793 1034 859; x_wconf 77' lang='lat' dir='ltr'><strong>ulis</strong></span> <span class='ocrx_word' id='word_1_17' title='bbox 1065 794 1110 860; x_wconf 83' lang='lat' dir='ltr'><strong>ab</strong></span> <span class='ocrx_word' id='word_1_18' title='bbox 1134 815 1174 860; x_wconf 88' lang='lat' dir='ltr'><strong>ec</strong></span> 
     </span>
    </p>
   </div>
   <div class='ocr_carea' id='block_1_3' title="bbox 166 909 1292 996">
    <p class='ocr_par' dir='ltr' id='par_1_3' title="bbox 166 909 1292 996">
     <span class='ocr_line' id='line_1_4' title="bbox 166 909 1292 996; baseline -0.009 -12"><span class='ocrx_word' id='word_1_19' title='bbox 166 929 332 984; x_wconf 84' lang='lat' dir='ltr'><strong>mutuatus</strong></span> <span class='ocrx_word' id='word_1_20' title='bbox 362 912 415 978; x_wconf 87' lang='lat' dir='ltr'><strong>sit.</strong></span> <span class='ocrx_word' id='word_1_21' title='bbox 461 909 543 974; x_wconf 87' lang='lat' dir='ltr'>Mihi</span> <span class='ocrx_word' id='word_1_22' title='bbox 576 909 711 996; x_wconf 88' lang='lat' dir='ltr'><strong>quidem</strong></span> <span class='ocrx_word' id='word_1_23' title='bbox 740 924 922 996; x_wconf 81' lang='lat' dir='ltr'><strong>utrumque</strong></span> <span class='ocrx_word' id='word_1_24' title='bbox 939 912 1103 996; x_wconf 78' lang='lat' dir='ltr'><strong>¹probetur</strong></span> <span class='ocrx_word' id='word_1_25' title='bbox 1125 927 1175 978; x_wconf 83' lang='lat' dir='ltr'><strong>ut·</strong></span> <span class='ocrx_word' id='word_1_26' title='bbox 1288 963 1292 974; x_wconf 93' lang='lat'>.</span> 
     </span>
    </p>
   </div>
   <div class='ocr_carea' id='block_1_4' title="bbox 167 1030 1192 3970">
    <p class='ocr_par' dir='ltr' id='par_1_4' title="bbox 167 1030 1192 3970">
     <span class='ocr_line' id='line_1_5' title="bbox 168 1030 1176 1124; baseline -0.004 -22"><span class='ocrx_word' id='word_1_27' title='bbox 168 1059 248 1124; x_wconf 84' lang='lat' dir='ltr'><strong>que,</strong></span> <span class='ocrx_word' id='word_1_28' title='bbox 266 1053 326 1101; x_wconf 88' lang='lat' dir='ltr'><strong>cur</strong></span> <span class='ocrx_word' id='word_1_29' title='bbox 344 1033 380 1098; x_wconf 91' lang='lat' dir='ltr'><strong>in</strong></span> <span class='ocrx_word' id='word_1_30' title='bbox 398 1048 472 1100; x_wconf 79' lang='lat' dir='ltr'><strong>eum</strong></span> <span class='ocrx_word' id='word_1_31' title='bbox 494 1030 689 1096; x_wconf 82' lang='lat' dir='ltr'><strong>sentcmiam</strong></span> <span class='ocrx_word' id='word_1_32' title='bbox 710 1031 862 1109; x_wconf 75' lang='lat' dir='ltr'><strong>inducor,</strong></span> <span class='ocrx_word' id='word_1_33' title='bbox 885 1033 1065 1098; x_wconf 80' lang='lat' dir='ltr'><strong>ostendam.</strong></span> <span class='ocrx_word' id='word_1_34' title='bbox 1098 1031 1176 1098; x_wconf 67' lang='lat' dir='ltr'><strong>Mes</strong></span> 
     </span>
     <span class='ocr_line' id='line_1_6' title="bbox 167 1147 1177 1238; baseline -0.009 -13"><span class='ocrx_word' id='word_1_35' title='bbox 167 1153 340 1229; x_wconf 85' lang='lat' dir='ltr'><strong>minimus,</strong></span> <span class='ocrx_word' id='word_1_36' title='bbox 370 1152 492 1234; x_wconf 85' lang='lat' dir='ltr'><strong>duplex</strong></span> <span class='ocrx_word' id='word_1_37' title='bbox 525 1147 586 1213; x_wconf 90' lang='lat' dir='ltr'><strong>sibi</strong></span> <span class='ocrx_word' id='word_1_38' title='bbox 618 1148 784 1214; x_wconf 84' lang='lat' dir='ltr'><strong>Lucilium</strong></span> <span class='ocrx_word' id='word_1_39' title='bbox 806 1152 969 1219; x_wconf 76' lang='lat' dir='ltr'><strong>lectorum</strong></span> <span class='ocrx_word' id='word_1_40' title='bbox 991 1157 1094 1238; x_wconf 74' lang='lat' dir='ltr'><strong>gcn&#39;us</strong></span> <span class='ocrx_word' id='word_1_41' title='bbox 1115 1172 1177 1216; x_wconf 60' lang='lat' dir='ltr'><strong>ex*¹</strong></span> 
     </span>
     <span class='ocr_line' id='line_1_7' title="bbox 167 1264 1177 1358; baseline -0.004 -18"><span class='ocrx_word' id='word_1_42' title='bbox 167 1287 298 1358; x_wconf 82' lang='lat' dir='ltr'><strong>optasse.</strong></span> <span class='ocrx_word' id='word_1_43' title='bbox 343 1267 427 1334; x_wconf 80' lang='lat' dir='ltr'><strong>Nem</strong></span> <span class='ocrx_word' id='word_1_44' title='bbox 449 1267 599 1352; x_wconf 87' lang='lat' dir='ltr'><strong>primum</strong></span> <span class='ocrx_word' id='word_1_45' title='bbox 624 1264 733 1334; x_wconf 81' lang='lat' dir='ltr'><strong>dicere</strong></span> <span class='ocrx_word' id='word_1_46' title='bbox 750 1268 889 1346; x_wconf 76' lang='lat' dir='ltr'><strong>solebat,</strong></span> <span class='ocrx_word' id='word_1_47' title='bbox 915 1292 970 1346; x_wconf 84' lang='lat' dir='ltr'><strong>cu,</strong></span> <span class='ocrx_word' id='word_1_48' title='bbox 994 1291 1077 1355; x_wconf 84' lang='lat' dir='ltr'><strong>quse</strong></span> <span class='ocrx_word' id='word_1_49' title='bbox 1099 1270 1177 1350; x_wconf 56' lang='lat' dir='ltr'><strong>scri,-</strong></span> 
     </span>
     <span class='ocr_line' id='line_1_8' title="bbox 167 1383 1179 1474; baseline -0.004 -16"><span class='ocrx_word' id='word_1_50' title='bbox 167 1393 281 1469; x_wconf 85' lang='lat' dir='ltr'><strong>beret,</strong></span> <span class='ocrx_word' id='word_1_51' title='bbox 305 1407 412 1474; x_wconf 82' lang='lat' dir='ltr'><strong>neque</strong></span> <span class='ocrx_word' id='word_1_52' title='bbox 439 1409 463 1452; x_wconf 78' lang='lat' dir='ltr'><strong>u</strong></span> <span class='ocrx_word' id='word_1_53' title='bbox 494 1383 685 1453; x_wconf 73' lang='lat' dir='ltr'><strong>doctissimis</strong></span> <span class='ocrx_word' id='word_1_54' title='bbox 705 1407 812 1472; x_wconf 85' lang='lat' dir='ltr'><strong>neque</strong></span> <span class='ocrx_word' id='word_1_55' title='bbox 827 1386 878 1452; x_wconf 74' lang='lat' dir='ltr'><strong>¹ub</strong></span> <span class='ocrx_word' id='word_1_56' title='bbox 900 1387 1128 1468; x_wconf 74' lang='lat' dir='ltr'><strong>indoctissimis</strong></span> <span class='ocrx_word' id='word_1_57' title='bbox 1145 1404 1179 1454; x_wconf 86' lang='lat' dir='ltr'><strong>se</strong></span> 
     </span>
     <span class='ocr_line' id='line_1_9' title="bbox 167 1505 1179 1600; baseline -0.003 -24"><span class='ocrx_word' id='word_1_58' title='bbox 167 1510 231 1600; x_wconf 71' lang='lat' dir='ltr'><strong>legi</strong></span> <span class='ocrx_word' id='word_1_59' title='bbox 255 1512 356 1587; x_wconf 82' lang='lat' dir='ltr'><strong>velle3</strong></span> <span class='ocrx_word' id='word_1_60' title='bbox 382 1508 492 1592; x_wconf 79' lang='lat' dir='ltr'><strong>itaque</strong></span> <span class='ocrx_word' id='word_1_61' title='bbox 509 1505 663 1590; x_wconf 84' lang='lat' dir='ltr'><strong>cupieb&#39;et</strong></span> <span class='ocrx_word' id='word_1_62' title='bbox 684 1505 1033 1600; x_wconf 65' lang='lat' dir='ltr'><strong>mediocriterdoctcts,</strong></span> <span class='ocrx_word' id='word_1_63' title='bbox 1055 1508 1112 1592; x_wconf 91' lang='lat' dir='ltr'><strong>qui</strong></span> <span class='ocrx_word' id='word_1_64' title='bbox 1124 1528 1179 1573; x_wconf 81' lang='lat' dir='ltr'><strong>eo·</strong></span> 
     </span>
     <span class='ocr_line' id='line_1_10' title="bbox 167 1624 1179 1714; baseline -0.005 -17"><span class='ocrx_word' id='word_1_65' title='bbox 167 1651 265 1706; x_wconf 88' lang='lat' dir='ltr'><strong>rum,</strong></span> <span class='ocrx_word' id='word_1_66' title='bbox 291 1624 576 1714; x_wconf 81' lang='lat' dir='ltr'><strong>quacscripsisset,</strong></span> <span class='ocrx_word' id='word_1_67' title='bbox 602 1645 664 1690; x_wconf 87' lang='lat' dir='ltr'><strong>nec</strong></span> <span class='ocrx_word' id='word_1_68' title='bbox 675 1624 758 1690; x_wconf 89' lang='lat' dir='ltr'><strong>nihil</strong></span> <span class='ocrx_word' id='word_1_69' title='bbox 775 1625 1013 1712; x_wconf 71' lang='lat' dir='ltr'><strong>intelligerent,</strong></span> <span class='ocrx_word' id='word_1_70' title='bbox 1033 1628 1179 1710; x_wconf 87' lang='lat' dir='ltr'><strong>necplus</strong></span> 
     </span>
     <span class='ocr_line' id='line_1_11' title="bbox 168 1743 1180 1834; baseline -0.004 -20"><span class='ocrx_word' id='word_1_71' title='bbox 168 1771 269 1834; x_wconf 80' lang='lat' dir='ltr'><strong>quum</strong></span> <span class='ocrx_word' id='word_1_72' title='bbox 289 1747 368 1832; x_wconf 81' lang='lat' dir='ltr'><strong>ipse.</strong></span> <span class='ocrx_word' id='word_1_73' title='bbox 391 1744 649 1810; x_wconf 84' lang='lat' dir='ltr'><strong>Modestiae·hoc</strong></span> <span class='ocrx_word' id='word_1_74' title='bbox 669 1763 746 1810; x_wconf 82' lang='lat' dir='ltr'><strong>sune</strong></span> <span class='ocrx_word' id='word_1_75' title='bbox 770 1743 894 1832; x_wconf 72' lang='lat' dir='ltr'><strong>insigne</strong></span> <span class='ocrx_word' id='word_1_76' title='bbox 918 1751 988 1810; x_wconf 79' lang='lat' dir='ltr'><strong>erit</strong></span> <span class='ocrx_word' id='word_1_77' title='bbox 1008 1743 1180 1811; x_wconf 69' lang='lat' dir='ltr'><strong>indiciumt</strong></span> 
     </span>
     <span class='ocr_line' id='line_1_12' title="bbox 167 1861 1182 1947; baseline -0.006 -13"><span class='ocrx_word' id='word_1_78' title='bbox 167 1867 229 1936; x_wconf 85' lang='lat' dir='ltr'><strong>Sed</strong></span> <span class='ocrx_word' id='word_1_79' title='bbox 251 1865 468 1933; x_wconf 73' lang='lat' dir='ltr'><strong>reformidans</strong></span> <span class='ocrx_word' id='word_1_80' title='bbox 499 1863 587 1930; x_wconf 83' lang='lat' dir='ltr'><strong>itlem</strong></span> <span class='ocrx_word' id='word_1_81' title='bbox 620 1861 778 1947; x_wconf 74' lang='lat' dir='ltr'><strong>Scipionis</strong></span> <span class='ocrx_word' id='word_1_82' title='bbox 798 1875 840 1928; x_wconf 85' lang='lat' dir='ltr'><strong>&#39;et</strong></span> <span class='ocrx_word' id='word_1_83' title='bbox 857 1863 995 1940; x_wconf 84' lang='lat' dir='ltr'><strong>Rutilii,</strong></span> <span class='ocrx_word' id='word_1_84' title='bbox 1032 1872 1113 1947; x_wconf 80' lang='lat' dir='ltr'><strong>quos</strong></span> <span class='ocrx_word' id='word_1_85' title='bbox 1147 1863 1182 1928; x_wconf 87' lang='lat' dir='ltr'><strong>in</strong></span> 
     </span>
     <span class='ocr_line' id='line_1_13' title="bbox 168 1980 1183 2068; baseline -0.004 -18"><span class='ocrx_word' id='word_1_86' title='bbox 168 1983 358 2052; x_wconf 69' lang='lat' dir='ltr'><strong>doctissimis</strong></span> <span class='ocrx_word' id='word_1_87' title='bbox 377 2002 499 2067; x_wconf 84' lang='lat' dir='ltr'><strong>ponere</strong></span> <span class='ocrx_word' id='word_1_88' title='bbox 520 1995 781 2057; x_wconf 66' lang='lat' dir='ltr'><strong>numeremur,</strong></span> <span class='ocrx_word' id='word_1_89' title='bbox 802 1981 976 2068; x_wconf 87' lang='lat' dir='ltr'><strong>judicium,</strong></span> <span class='ocrx_word' id='word_1_90' title='bbox 999 1980 1183 2046; x_wconf 82' lang='lat' dir='ltr'><strong>Tarentinis</strong></span> 
     </span>
     <span class='ocr_line' id='line_1_14' title="bbox 167 2096 1184 2191; baseline -0.006 -21"><span class='ocrx_word' id='word_1_91' title='bbox 167 2106 276 2191; x_wconf 74' lang='lat' dir='ltr'><strong>ajebat</strong></span> <span class='ocrx_word' id='word_1_92' title='bbox 303 2123 336 2168; x_wconf 87' lang='lat' dir='ltr'><strong>se</strong></span> <span class='ocrx_word' id='word_1_93' title='bbox 356 2113 390 2168; x_wconf 89' lang='lat' dir='ltr'><strong>et</strong></span> <span class='ocrx_word' id='word_1_94' title='bbox 409 2097 613 2175; x_wconf 70' lang='lat' dir='ltr'><strong>Consentinis</strong></span> <span class='ocrx_word' id='word_1_95' title='bbox 632 2113 665 2163; x_wconf 87' lang='lat' dir='ltr'><strong>ct</strong></span> <span class='ocrx_word' id='word_1_96' title='bbox 681 2097 795 2166; x_wconf 82' lang='lat' dir='ltr'><strong>Siculis</strong></span> <span class='ocrx_word' id='word_1_97' title='bbox 817 2099 957 2166; x_wconf 85' lang='lat' dir='ltr'><strong>scribere</strong></span> <span class='ocrx_word' id='word_1_98' title='bbox 971 2098 997 2166; x_wconf 80' lang='lat'><strong>¹.</strong></span> <span class='ocrx_word' id='word_1_99' title='bbox 1044 2096 1184 2165; x_wconf 83' lang='lat' dir='ltr'><strong>Contra·</strong></span> 
     </span>
     <span class='ocr_line' id='line_1_15' title="bbox 168 2217 1185 2302; baseline -0.008 -13"><span class='ocrx_word' id='word_1_100' title='bbox 168 2224 267 2290; x_wconf 89' lang='lat' dir='ltr'><strong>rium</strong></span> <span class='ocrx_word' id='word_1_101' title='bbox 283 2225 346 2286; x_wconf 90' lang='lat' dir='ltr'><strong>hoc</strong></span> <span class='ocrx_word' id='word_1_102' title='bbox 369 2218 498 2286; x_wconf 84' lang='lat' dir='ltr'><strong>videtur</strong></span> <span class='ocrx_word' id='word_1_103' title='bbox 515 2217 618 2302; x_wconf 88' lang='lat' dir='ltr'><strong>priori</strong></span> <span class='ocrx_word' id='word_1_104' title='bbox 634 2217 830 2296; x_wconf 64' lang='lat' dir='ltr'><strong>sententiam</strong></span> <span class='ocrx_word' id='word_1_105' title='bbox 857 2233 922 2282; x_wconf 86' lang='lat' dir='ltr'><strong>non</strong></span> <span class='ocrx_word' id='word_1_106' title='bbox 945 2217 1035 2284; x_wconf 87' lang='lat' dir='ltr'><strong>enim</strong></span> <span class='ocrx_word' id='word_1_107' title='bbox 1051 2217 1185 2282; x_wconf 59' lang='lat' dir='ltr'><strong>modici·</strong></span> 
     </span>
     <span class='ocr_line' id='line_1_16' title="bbox 168 2334 1187 2420; baseline -0.005 -12"><span class='ocrx_word' id='word_1_108' title='bbox 168 2345 281 2411; x_wconf 81' lang='lat' dir='ltr'><strong>critsr</strong></span> <span class='ocrx_word' id='word_1_109' title='bbox 293 2339 407 2406; x_wconf 83' lang='lat' dir='ltr'><strong>doctos</strong></span> <span class='ocrx_word' id='word_1_110' title='bbox 430 2341 485 2403; x_wconf 88' lang='lat' dir='ltr'><strong>sed</strong></span> <span class='ocrx_word' id='word_1_111' title='bbox 508 2337 768 2403; x_wconf 73' lang='lat' dir='ltr'><strong>indoctissimus</strong></span> <span class='ocrx_word' id='word_1_112' title='bbox 779 2335 847 2402; x_wconf 86' lang='lat' dir='ltr'><strong>illos</strong></span> <span class='ocrx_word' id='word_1_113' title='bbox 860 2334 1115 2420; x_wconf 77' lang='lat' dir='ltr'><strong>existimareper&#39;</strong></span> <span class='ocrx_word' id='word_1_114' title='bbox 1128 2349 1187 2403; x_wconf 86' lang='lat' dir='ltr'><strong>est.</strong></span> 
     </span>
     <span class='ocr_line' id='line_1_17' title="bbox 170 2457 1188 2546; baseline -0.011 -14"><span class='ocrx_word' id='word_1_115' title='bbox 170 2463 293 2532; x_wconf 81' lang='lat' dir='ltr'><strong>Parum</strong></span> <span class='ocrx_word' id='word_1_116' title='bbox 316 2481 375 2528; x_wconf 83' lang='lat' dir='ltr'><strong>nos</strong></span> <span class='ocrx_word' id='word_1_117' title='bbox 388 2462 485 2544; x_wconf 85' lang='lat' dir='ltr'><strong>juvet</strong></span> <span class='ocrx_word' id='word_1_118' title='bbox 503 2457 658 2546; x_wconf 75' lang='lat' dir='ltr'><strong>Madvigii</strong></span> <span class='ocrx_word' id='word_1_119' title='bbox 677 2458 913 2524; x_wconf 76' lang='lat' dir='ltr'><strong>animadversio</strong></span> <span class='ocrx_word' id='word_1_120' title='bbox 924 2502 941 2542; x_wconf 28' lang='grc' dir='ltr'><strong>,Ι</strong></span> <span class='ocrx_word' id='word_1_121' title='bbox 958 2457 1092 2524; x_wconf 87' lang='lat' dir='ltr'><strong>dicentis</strong></span> <span class='ocrx_word' id='word_1_122' title='bbox 1115 2457 1188 2522; x_wconf 85' lang='lat' dir='ltr'><strong>Ln-</strong></span> 
     </span>
     <span class='ocr_line' id='line_1_18' title="bbox 169 2576 1188 2666; baseline -0.009 -16"><span class='ocrx_word' id='word_1_123' title='bbox 169 2585 283 2650; x_wconf 90' lang='lat' dir='ltr'><strong>cilium</strong></span> <span class='ocrx_word' id='word_1_124' title='bbox 302 2581 344 2648; x_wconf 75' lang='lat' dir='ltr'><strong>&#39;iis</strong></span> <span class='ocrx_word' id='word_1_125' title='bbox 366 2601 400 2645; x_wconf 87' lang='lat' dir='ltr'><strong>se</strong></span> <span class='ocrx_word' id='word_1_126' title='bbox 419 2578 561 2644; x_wconf 87' lang='lat' dir='ltr'><strong>scribere</strong></span> <span class='ocrx_word' id='word_1_127' title='bbox 582 2578 754 2654; x_wconf 81' lang='lat' dir='ltr'><strong>indicasse,</strong></span> <span class='ocrx_word' id='word_1_128' title='bbox 777 2577 851 2666; x_wconf 70' lang='lat' dir='ltr'><strong>qui,</strong></span> <span class='ocrx_word' id='word_1_129' title='bbox 874 2577 909 2644; x_wconf 89' lang='lat' dir='ltr'><strong>ln</strong></span> <span class='ocrx_word' id='word_1_130' title='bbox 921 2577 1067 2644; x_wconf 86' lang='lat' dir='ltr'><strong>confiniis</strong></span> <span class='ocrx_word' id='word_1_131' title='bbox 1080 2576 1188 2657; x_wconf 62' lang='lat' dir='ltr'><strong>Graef-</strong></span> 
     </span>
     <span class='ocr_line' id='line_1_19' title="bbox 170 2693 1187 2780; baseline -0.01 -10"><span class='ocrx_word' id='word_1_132' title='bbox 170 2723 225 2770; x_wconf 80' lang='lat' dir='ltr'><strong>cae</strong></span> <span class='ocrx_word' id='word_1_133' title='bbox 254 2713 290 2766; x_wconf 83' lang='lat' dir='ltr'><strong>et</strong></span> <span class='ocrx_word' id='word_1_134' title='bbox 325 2698 459 2767; x_wconf 83' lang='lat' dir='ltr'><strong>Lutinse</strong></span> <span class='ocrx_word' id='word_1_135' title='bbox 493 2709 551 2760; x_wconf 85' lang='lat' dir='ltr'><strong>sut</strong></span> <span class='ocrx_word' id='word_1_136' title='bbox 588 2695 699 2779; x_wconf 86' lang='lat' dir='ltr'><strong>polius</strong></span> <span class='ocrx_word' id='word_1_137' title='bbox 729 2693 831 2762; x_wconf 78' lang='lat' dir='ltr'><strong>Oscae</strong></span> <span class='ocrx_word' id='word_1_138' title='bbox 860 2694 992 2780; x_wconf 68' lang='lat' dir='ltr'><strong>linguas</strong></span> <span class='ocrx_word' id='word_1_139' title='bbox 1013 2695 1103 2771; x_wconf 87' lang='lat' dir='ltr'><strong>nuti,</strong></span> <span class='ocrx_word' id='word_1_140' title='bbox 1130 2717 1187 2779; x_wconf 84' lang='lat' dir='ltr'><strong>ps·</strong></span> 
     </span>
     <span class='ocr_line' id='line_1_20' title="bbox 170 2811 1188 2897; baseline -0.008 -11"><span class='ocrx_word' id='word_1_141' title='bbox 170 2817 406 2894; x_wconf 80' lang='lat' dir='ltr'><strong>sumsubtiles</strong></span> <span class='ocrx_word' id='word_1_142' title='bbox 423 2828 527 2880; x_wconf 89' lang='lat' dir='ltr'><strong>essent</strong></span> <span class='ocrx_word' id='word_1_143' title='bbox 544 2815 749 2896; x_wconf 83' lang='lat' dir='ltr'><strong>scriptorum·</strong></span> <span class='ocrx_word' id='word_1_144' title='bbox 760 2811 905 2897; x_wconf 74' lang='lat' dir='ltr'><strong>judices.</strong></span> <span class='ocrx_word' id='word_1_145' title='bbox 932 2823 965 2878; x_wconf 89' lang='lat' dir='ltr'><strong>et</strong></span> <span class='ocrx_word' id='word_1_146' title='bbox 983 2811 1017 2876; x_wconf 91' lang='lat' dir='ltr'><strong>in</strong></span> <span class='ocrx_word' id='word_1_147' title='bbox 1041 2811 1188 2878; x_wconf 81' lang='lat' dir='ltr'><strong>Bs&#39;utsci-</strong></span> 
     </span>
     <span class='ocr_line' id='line_1_21' title="bbox 171 2929 1186 3021; baseline -0.008 -17"><span class='ocrx_word' id='word_1_148' title='bbox 171 2938 233 3004; x_wconf 80' lang='lat' dir='ltr'><strong>bus</strong></span> <span class='ocrx_word' id='word_1_149' title='bbox 268 2932 468 3021; x_wconf 69' lang='lat' dir='ltr'><strong>bilinguibus</strong></span> <span class='ocrx_word' id='word_1_150' title='bbox 502 2931 551 2997; x_wconf 77' lang='lat' dir='ltr'><strong>sb&#39;</strong></span> <span class='ocrx_word' id='word_1_151' title='bbox 568 2929 676 2998; x_wconf 80' lang='lat' dir='ltr'><strong>Ennio</strong></span> <span class='ocrx_word' id='word_1_152' title='bbox 693 2931 793 3015; x_wconf 75' lang='lat' dir='ltr'><strong>positi:</strong></span> <span class='ocrx_word' id='word_1_153' title='bbox 811 2943 928 3005; x_wconf 63' lang='lat' dir='ltr'><strong>ment,</strong></span> <span class='ocrx_word' id='word_1_154' title='bbox 953 2932 1044 3015; x_wconf 82' lang='lat' dir='ltr'><strong>quod</strong></span> <span class='ocrx_word' id='word_1_155' title='bbox 1063 2929 1186 2996; x_wconf 77' lang='lat' dir='ltr'><strong>Graece</strong></span> 
     </span>
     <span class='ocr_line' id='line_1_22' title="bbox 171 3047 1187 3137; baseline -0.01 -13"><span class='ocrx_word' id='word_1_156' title='bbox 171 3070 205 3124; x_wconf 87' lang='lat' dir='ltr'><strong>et</strong></span> <span class='ocrx_word' id='word_1_157' title='bbox 228 3055 312 3122; x_wconf 88' lang='lat' dir='ltr'><strong>Osce</strong></span> <span class='ocrx_word' id='word_1_158' title='bbox 337 3056 562 3137; x_wconf 85' lang='lat' dir='ltr'><strong>loquerentur.</strong></span> <span class='ocrx_word' id='word_1_159' title='bbox 606 3049 708 3115; x_wconf 89' lang='lat' dir='ltr'><strong>Porro</strong></span> <span class='ocrx_word' id='word_1_160' title='bbox 731 3061 768 3114; x_wconf 91' lang='lat' dir='ltr'><strong>ut</strong></span> <span class='ocrx_word' id='word_1_161' title='bbox 791 3051 887 3125; x_wconf 82' lang='lat' dir='ltr'><strong>dem,</strong></span> <span class='ocrx_word' id='word_1_162' title='bbox 908 3047 1187 3135; x_wconf 76' lang='lat' dir='ltr'><strong>Wesenbergium</strong></span> 
     </span>
     <span class='ocr_line' id='line_1_23' title="bbox 170 3165 1190 3256; baseline -0.011 -14"><span class='ocrx_word' id='word_1_163' title='bbox 170 3177 251 3244; x_wconf 82' lang='lat' dir='ltr'><strong>scite</strong></span> <span class='ocrx_word' id='word_1_164' title='bbox 275 3172 475 3256; x_wconf 78' lang='lat' dir='ltr'><strong>suspicatum</strong></span> <span class='ocrx_word' id='word_1_165' title='bbox 499 3191 583 3247; x_wconf 88' lang='lat' dir='ltr'><strong>esse,</strong></span> <span class='ocrx_word' id='word_1_166' title='bbox 618 3168 783 3234; x_wconf 89' lang='lat' dir='ltr'><strong>Lucilium</strong></span> <span class='ocrx_word' id='word_1_167' title='bbox 807 3170 909 3232; x_wconf 78' lang='lat' dir='ltr'><strong>facete</strong></span> <span class='ocrx_word' id='word_1_168' title='bbox 930 3165 1190 3252; x_wconf 71' lang='lat' dir='ltr'><strong>cretionempu·</strong></span> 
     </span>
     <span class='ocr_line' id='line_1_24' title="bbox 172 3285 1189 3379; baseline -0.007 -20"><span class='ocrx_word' id='word_1_169' title='bbox 172 3315 253 3360; x_wconf 90' lang='lat' dir='ltr'><strong>rum</strong></span> <span class='ocrx_word' id='word_1_170' title='bbox 274 3312 395 3379; x_wconf 82' lang='lat' dir='ltr'><strong>purum</strong></span> <span class='ocrx_word' id='word_1_171' title='bbox 418 3301 451 3354; x_wconf 88' lang='lat' dir='ltr'><strong>et</strong></span> <span class='ocrx_word' id='word_1_172' title='bbox 478 3287 733 3356; x_wconf 77' lang='lat' dir='ltr'><strong>Graecisverbis</strong></span> <span class='ocrx_word' id='word_1_173' title='bbox 752 3285 981 3352; x_wconf 77' lang='lat' dir='ltr'><strong>intermixtum</strong></span> <span class='ocrx_word' id='word_1_174' title='bbox 1004 3295 1189 3364; x_wconf 77' lang='lat' dir='ltr'><strong>excussere,</strong></span> 
     </span>
     <span class='ocr_line' id='line_1_25' title="bbox 176 3402 1189 3500; baseline -0.008 -22"><span class='ocrx_word' id='word_1_175' title='bbox 176 3426 272 3480; x_wconf 84' lang='lat' dir='ltr'><strong>certe·</strong></span> <span class='ocrx_word' id='word_1_176' title='bbox 288 3411 371 3476; x_wconf 90' lang='lat' dir='ltr'><strong>illud</strong></span> <span class='ocrx_word' id='word_1_177' title='bbox 389 3411 508 3474; x_wconf 78' lang='lat' dir='ltr'><strong>salsum</strong></span> <span class='ocrx_word' id='word_1_178' title='bbox 528 3420 596 3484; x_wconf 86' lang='lat' dir='ltr'><strong>est,</strong></span> <span class='ocrx_word' id='word_1_179' title='bbox 614 3408 735 3500; x_wconf 85' lang='lat' dir='ltr'><strong>quode</strong></span> <span class='ocrx_word' id='word_1_180' title='bbox 755 3405 882 3471; x_wconf 86' lang='lat' dir='ltr'><strong>duobus</strong></span> <span class='ocrx_word' id='word_1_181' title='bbox 903 3402 1066 3472; x_wconf 87' lang='lat' dir='ltr'><strong>Lucilisni</strong></span> <span class='ocrx_word' id='word_1_182' title='bbox 1083 3406 1189 3488; x_wconf 85' lang='lat' dir='ltr'><strong>operis</strong></span> 
     </span>
     <span class='ocr_line' id='line_1_26' title="bbox 175 3521 1189 3613; baseline -0.012 -15"><span class='ocrx_word' id='word_1_183' title='bbox 175 3532 255 3598; x_wconf 88' lang='lat' dir='ltr'><strong>locis</strong></span> <span class='ocrx_word' id='word_1_184' title='bbox 273 3527 540 3613; x_wconf 81' lang='lat' dir='ltr'><strong>petituputsvit,.</strong></span> <span class='ocrx_word' id='word_1_185' title='bbox 555 3543 640 3610; x_wconf 84' lang='lat' dir='ltr'><strong>quae</strong></span> <span class='ocrx_word' id='word_1_186' title='bbox 652 3525 692 3588; x_wconf 90' lang='lat' dir='ltr'><strong>de</strong></span> <span class='ocrx_word' id='word_1_187' title='bbox 703 3522 812 3588; x_wconf 86' lang='lat' dir='ltr'><strong>Persio</strong></span> <span class='ocrx_word' id='word_1_188' title='bbox 826 3535 976 3609; x_wconf 72' lang='lat' dir='ltr'><strong>quaeque</strong></span> <span class='ocrx_word' id='word_1_189' title='bbox 986 3525 1027 3588; x_wconf 90' lang='lat' dir='ltr'><strong>de</strong></span> <span class='ocrx_word' id='word_1_190' title='bbox 1037 3521 1189 3605; x_wconf 81' lang='lat' dir='ltr'><strong>Scipione</strong></span> 
     </span>
     <span class='ocr_line' id='line_1_27' title="bbox 175 3642 1192 3720; baseline -0.012 -2"><span class='ocrx_word' id='word_1_191' title='bbox 175 3665 211 3718; x_wconf 87' lang='lat' dir='ltr'><strong>et</strong></span> <span class='ocrx_word' id='word_1_192' title='bbox 247 3648 374 3716; x_wconf 84' lang='lat' dir='ltr'><strong>Rutilio</strong></span> <span class='ocrx_word' id='word_1_193' title='bbox 402 3643 517 3712; x_wconf 85' lang='lat' dir='ltr'><strong>Cicero</strong></span> <span class='ocrx_word' id='word_1_194' title='bbox 547 3642 761 3720; x_wconf 81' lang='lat' dir='ltr'><strong>memoravit,</strong></span> <span class='ocrx_word' id='word_1_195' title='bbox 778 3642 824 3708; x_wconf 81' lang='lat' dir='ltr'><strong>ite</strong></span> <span class='ocrx_word' id='word_1_196' title='bbox 844 3655 882 3707; x_wconf 85' lang='lat' dir='ltr'><strong>ut</strong></span> <span class='ocrx_word' id='word_1_197' title='bbox 901 3646 1004 3709; x_wconf 79' lang='lat' dir='ltr'><strong>altero</strong></span> <span class='ocrx_word' id='word_1_198' title='bbox 1023 3661 1090 3706; x_wconf 89' lang='lat' dir='ltr'><strong>non</strong></span> <span class='ocrx_word' id='word_1_199' title='bbox 1111 3643 1192 3708; x_wconf 59' lang='lat' dir='ltr'><strong>doct·</strong></span> 
     </span>
     <span class='ocr_line' id='line_1_28' title="bbox 178 3760 1190 3847; baseline -0.01 -13"><span class='ocrx_word' id='word_1_200' title='bbox 178 3769 310 3834; x_wconf 70' lang='lat' dir='ltr'><strong>oreimis</strong></span> <span class='ocrx_word' id='word_1_201' title='bbox 327 3787 389 3832; x_wconf 88' lang='lat' dir='ltr'><strong>nec</strong></span> <span class='ocrx_word' id='word_1_202' title='bbox 411 3778 522 3830; x_wconf 78' lang='lat' dir='ltr'><strong>mmen</strong></span> <span class='ocrx_word' id='word_1_203' title='bbox 531 3762 666 3828; x_wconf 84' lang='lat' dir='ltr'><strong>rudibus</strong></span> <span class='ocrx_word' id='word_1_204' title='bbox 678 3784 711 3828; x_wconf 88' lang='lat' dir='ltr'><strong>se</strong></span> <span class='ocrx_word' id='word_1_205' title='bbox 726 3762 867 3830; x_wconf 83' lang='lat' dir='ltr'><strong>scribere</strong></span> <span class='ocrx_word' id='word_1_206' title='bbox 880 3760 1097 3847; x_wconf 68' lang='lat' dir='ltr'><strong>significasset,</strong></span> <span class='ocrx_word' id='word_1_207' title='bbox 1111 3761 1190 3824; x_wconf 81' lang='lat' dir='ltr'><strong>slte-</strong></span> 
     </span>
     <span class='ocr_line' id='line_1_29' title="bbox 177 3878 1192 3970; baseline -0.012 -14"><span class='ocrx_word' id='word_1_208' title='bbox 177 3909 218 3956; x_wconf 87' lang='lat' dir='ltr'><strong>ro</strong></span> <span class='ocrx_word' id='word_1_209' title='bbox 238 3885 378 3952; x_wconf 86' lang='lat' dir='ltr'><strong>indoctis</strong></span> <span class='ocrx_word' id='word_1_210' title='bbox 395 3897 428 3948; x_wconf 88' lang='lat' dir='ltr'><strong>et</strong></span> <span class='ocrx_word' id='word_1_211' title='bbox 449 3885 548 3970; x_wconf 72' lang='lat' dir='ltr'><strong>vulgo</strong></span> <span class='ocrx_word' id='word_1_212' title='bbox 560 3879 588 3949; x_wconf 79' lang='lat'><strong>².</strong></span> <span class='ocrx_word' id='word_1_213' title='bbox 611 3880 685 3948; x_wconf 88' lang='lat' dir='ltr'><strong>Non</strong></span> <span class='ocrx_word' id='word_1_214' title='bbox 706 3882 795 3948; x_wconf 89' lang='lat' dir='ltr'><strong>enim</strong></span> <span class='ocrx_word' id='word_1_215' title='bbox 819 3880 1003 3966; x_wconf 83' lang='lat' dir='ltr'><strong>scripsisse</strong></span> <span class='ocrx_word' id='word_1_216' title='bbox 1014 3878 1116 3956; x_wconf 90' lang='lat' dir='ltr'><strong>illud,</strong></span> <span class='ocrx_word' id='word_1_217' title='bbox 1136 3881 1192 3944; x_wconf 86' lang='lat' dir='ltr'><strong>scd</strong></span> 
     </span>
    </p>
   </div>
   <div class='ocr_carea' id='block_1_5' title="bbox 217 4171 817 4338">
    <p class='ocr_par' dir='ltr' id='par_1_5' title="bbox 217 4171 817 4338">
     <span class='ocr_line' id='line_1_30' title="bbox 218 4171 666 4244; baseline -0.016 -15"><span class='ocrx_word' id='word_1_218' title='bbox 218 4191 229 4229; x_wconf 91' lang='grc' dir='ltr'>ι</span> <span class='ocrx_word' id='word_1_219' title='bbox 271 4172 339 4242; x_wconf 73' lang='lat' dir='ltr'><strong>sep.</strong></span> <span class='ocrx_word' id='word_1_220' title='bbox 359 4172 515 4241; x_wconf 69' lang='lat' dir='ltr'><strong>p.16,sa.</strong></span> <span class='ocrx_word' id='word_1_221' title='bbox 536 4171 581 4244; x_wconf 74' lang='lat'><strong>94,</strong></span> <span class='ocrx_word' id='word_1_222' title='bbox 607 4185 666 4224; x_wconf 83' lang='lat' dir='ltr'><strong>nc.</strong></span> 
     </span>
     <span class='ocr_line' id='line_1_31' title="bbox 217 4267 817 4338; baseline -0.017 -11"><span class='ocrx_word' id='word_1_223' title='bbox 217 4290 234 4326; x_wconf 79' lang='lat' dir='ltr'><strong>s</strong></span> <span class='ocrx_word' id='word_1_224' title='bbox 270 4273 394 4327; x_wconf 72' lang='lat' dir='ltr'><strong>Madv.</strong></span> <span class='ocrx_word' id='word_1_225' title='bbox 415 4271 455 4325; x_wconf 83' lang='lat' dir='ltr'><strong>ad</strong></span> <span class='ocrx_word' id='word_1_226' title='bbox 477 4272 533 4330; x_wconf 78' lang='lat' dir='ltr'><strong>cis.</strong></span> <span class='ocrx_word' id='word_1_227' title='bbox 555 4270 589 4321; x_wconf 82' lang='lat' dir='ltr'><strong>de</strong></span> <span class='ocrx_word' id='word_1_228' title='bbox 611 4271 667 4322; x_wconf 80' lang='lat' dir='ltr'><strong>Flu</strong></span> <span class='ocrx_word' id='word_1_229' title='bbox 697 4267 721 4334; x_wconf 88' lang='lat' dir='ltr'><strong>l,</strong></span> <span class='ocrx_word' id='word_1_230' title='bbox 741 4267 769 4333; x_wconf 80' lang='lat'><strong>3,</strong></span> <span class='ocrx_word' id='word_1_231' title='bbox 792 4287 817 4338; x_wconf 87' lang='lat'><strong>7.</strong></span> 
     </span>
    </p>
   </div>
   <div class='ocr_carea' id='block_1_6' title="bbox 0 0 1469 4972">
    <p class='ocr_par' dir='ltr' id='par_1_6' title="bbox 0 0 1469 4972">
     <span class='ocr_line' id='line_1_32' title="bbox 0 0 1469 4972; baseline 0 0"><span class='ocrx_word' id='word_1_232' title='bbox 0 0 1469 4972; x_wconf 95' lang='lat' dir='ltr'><strong> </strong></span> 
     </span>
    </p>
   </div>
  </div>
 </body>
</html>
