2860 4974
768 355 828 420 192

294 531 360 601 Cui
382 557 486 622 nequo
501 535 705 620 jumentum
721 545 781 610 est,
795 557 990 610 necterent,
1004 557 1062 598 nec
1073 557 1181 598 comes
1193 533 1296 608 ullus,

291 653 448 744 Bulgam
469 665 498 717 et
518 650 692 740 quidquid
711 651 810 716 labet
822 675 1054 729 nummorum,
1067 676 1180 717 secum
1203 653 1296 718 iubet

1136 774 1254 858 ‚ipsa

292 893 377 956 Cum
400 890 664 978 iniguitatem,
690 889 841 965 dormit,
865 891 978 956 lusit.-
1004 895 1117 956 omisis
1137 895 1176 955 ἐπ
1201 913 1269 955 uno

290 1007 372 1096 Spes
397 1009 550 1072 doctrinis
568 1006 697 1096 bulgar
719 1007 783 1070 ltoc
808 1007 965 1072 devincta
986 1019 1036 1072 ert
1057 1021 1171 1073 cetera
1184 1012 1259 1072 citu
1270 1007 1296 1074 ¹.

333 1125 584 1212 Diligentissirne
620 1144 718 1206 porro
750 1139 892 1189 versatus
923 1127 1051 1190 videtur
1089 1126 1233 1191 Lucilius
1264 1125 1296 1189 iu

288 1244 475 1308 luxuriae
498 1240 768 1325 reprehensione,
793 1263 892 1325 quae,
919 1257 1011 1325 parta
1024 1244 1208 1329 ingentium
1229 1243 1297 1306 ric·

286 1362 447 1426 toriarum
468 1358 665 1424 successione
678 1357 716 1433 ²,
742 1359 873 1442 publica
895 1364 1001 1424 suerat
1018 1373 1093 1425 ante
1113 1383 1214 1445 quarn
1229 1361 1298 1443 pri-

285 1492 359 1542 vata
384 1498 448 1542 esse
472 1476 643 1560 coepisset;
667 1476 713 1540 sic
736 1490 846 1540 autem
875 1477 967 1544 brevi
992 1478 1148 1550 invaluit,
1172 1492 1209 1541 ut
1233 1501 1295 1542 uon

286 1599 353 1681 jam
376 1595 507 1658 urbanis
526 1597 685 1658 duntaxat
708 1593 843 1677 propria
868 1605 960 1670 esset,
984 1597 1039 1660 sed
1057 1617 1112 1660 rus
1133 1617 1296 1660 commea-

286 1728 355 1790 ret,
387 1712 533 1795 patribus
562 1734 600 1777 ac
628 1715 752 1797 populo
787 1714 972 1778 communis
997 1715 1101 1778 fieret.
1148 1711 1241 1798 Quae
1261 1727 1295 1778 ut

285 1833 349 1896 late
374 1829 624 1906 dominabatur,
648 1829 694 1894 itu
713 1831 904 1912 praesertim
925 1829 961 1894 iu
984 1830 1210 1895 conviviorum
1224 1835 1295 1894 lau·

284 1963 319 2014 to
337 1949 578 2036 magnificoque
599 1962 759 2031 apparatu
783 1949 957 2033 conspicua
980 1964 1060 2012 erat.
1093 1947 1293 2012 Jarndudum

284 2068 479 2132 excitaverat
497 2066 553 2132 illa
565 2069 677 2153 legum
688 2068 946 2130 sumtuariarum
958 2067 1181 2143 severitatem,
1194 2067 1294 2131 idem-

284 2207 348 2270 que
373 2185 504 2261 Titius,
540 2205 641 2268 quem
675 2197 894 2266 exponentem
919 2186 959 2247 de
982 2184 1154 2260 moribus,
1178 2185 1293 2268 quibus

283 2316 357 2366 tum
390 2303 515 2366 Romae
548 2301 697 2386 plerique
723 2301 902 2379 vivebant,
926 2302 1129 2378 audirimus,
1154 2303 1293 2366 Fanniae

283 2421 482 2484 sumtuariae
495 2421 675 2483 suadendae
687 2421 907 2484 necessitatem
921 2417 1147 2504 perspiciebat.
1172 2420 1291 2505 Quodsi

282 2540 316 2601 in
339 2537 456 2602 Lucilii
481 2537 673 2623 fragmentis
697 2537 780 2602 illud
799 2539 956 2625 legimus:
984 2537 1099 2604 Fanni
1124 2545 1295 2606 centussis

280 2655 438 2720 misellos
449 2669 481 2720 et
501 2655 610 2744 legem
624 2658 762 2720 vitamu’
775 2657 895 2720 Licini
910 2656 937 2730 3,
960 2671 1075 2740 sponte
1085 2657 1292 2747 intelligitur,

279 2777 359 2838 haec
387 2795 451 2838 esse
475 2772 721 2838 luxuriosorum
746 2775 869 2851 verba,
895 2775 951 2859 qui
975 2776 1036 2840 illis
1060 2779 1186 2842 nollent
1210 2779 1293 2866 legi·

279 2891 340 2958 ltus
358 2891 478 2964 teneri,
497 2912 580 2975 quae
599 2892 765 2956 licentiam
790 2893 1006 2976 impedirent,
1031 2894 1185 2978 venitque
1204 2897 1296 2960 uobis

279 3009 417 3074 Duronii
443 3009 688 3092 tribuniplebis
709 3010 745 3073 iu
770 3023 939 3088 mentem,
964 3031 1029 3094 qus
1046 3009 1102 3076 ille
1115 3012 1293 3095 impuden-

279 3128 325 3192 tia
345 3127 489 3213 Quirites
510 3128 696 3191 cohortatus
718 3127 779 3202 sit,
803 3142 842 3190 ut
859 3127 1056 3213 abrogarent
1077 3130 1163 3194 istud
1184 3132 1292 3195 horri-

279 3247 339 3310 slse
360 3244 525 3310 vetustatis
545 3243 697 3330 rubigine
715 3244 858 3309 obsitum
879 3244 1058 3328 imperium
1071 3245 1097 3312 ⁴.
1131 3247 1206 3313 Huc
1226 3249 1289 3336 igi·

281 3377 335 3427 tur
358 3384 436 3426 curu
463 3361 525 3426 alia
546 3362 663 3428 Lucilii
685 3363 872 3446 pertinent,
897 3363 1018 3428 ueluti:

377 3567 563 3580 ...ω-*ο-

314 3695 325 3731 ι
366 3681 480 3746 Fragm.
501 3673 552 3739 vl,
574 3693 597 3728 ι.

313 3797 329 3830 a
366 3770 433 3842 Sap·
454 3791 480 3840 p.
501 3787 531 3841 71
551 3791 612 3841 sqq.

312 3872 329 3924 5
366 3871 469 3925 cell.
490 3869 538 3934 ll,
558 3872 610 3930 24.
632 3887 674 3922 to.
707 3873 838 3926 Lucil.
856 3873 902 3942 [ν.
921 3875 977 3926 r'nc.
1002 3873 1069 3932 133,
1091 3873 1140 3926 134
1178 3877 1221 3926 Cl'.
1242 3875 1284 3928 46.

279 3967 420 4021 l'crlineul
441 3967 669 4037 lissclragmenla
689 3969 851 4020 fortassean
875 3969 895 4019 l.
920 3967 960 4022 Ν
985 3971 1026 4020 vel
1052 3969 1152 4024 XXV.

309 4066 328 4118 4
362 4063 430 4130 Sap.
451 4083 476 4131 p.
501 4065 543 4116 23.
