2894 4986
618 335 656 398 17

154 515 262 598 plures
291 512 471 578 exstiterint
504 512 566 577 hoc
597 512 729 576 nomine
761 511 786 587 ¹,
818 512 973 596 conjicere
1008 513 1061 579 vix
1091 535 1155 580 au·

153 634 319 707 derernus,
350 629 410 694 nisi
440 642 574 714 propter
607 629 807 694 mentionem
838 631 914 717 logie
942 630 1081 698 Fanniae
1108 632 1151 698 ab

154 773 190 815 eo
231 770 340 815 tuaene
382 770 475 813 causa
513 748 675 813 rideretur
711 769 790 825 esse,
831 771 890 813 cur
923 753 1063 816 eundem
1088 773 1152 816 esse

154 881 364 952 putaremus,
389 869 429 931 de
457 887 524 952 quo
555 864 668 932 Cicero
699 866 733 930 in
754 865 856 931 Bruto
875 866 924 932 hie
941 867 1044 933 verbio
1066 869 1148 956 egit:

155 987 339 1071 «Ejusdem
362 988 429 1049 fere
449 985 604 1069 temporis
626 985 691 1049 suit
705 1005 801 1069 eques
819 985 985 1051 Romanus
1010 985 1047 1052 C.
1071 985 1153 1052 Titi·

153 1127 204 1182 us,
224 1104 282 1190 qui
306 1124 381 1169 meo
395 1102 517 1188 judicio
544 1123 583 1168 eo
596 1101 774 1187 pervenisse
792 1103 939 1181 ridetur,
962 1125 1029 1190 quo
1047 1105 1154 1188 potuit

154 1225 219 1288 fere
247 1223 381 1287 Latinus
405 1235 514 1287 orator
538 1221 604 1287 eine
624 1219 753 1288 Graecia
776 1222 873 1287 literis
899 1236 932 1288 et
952 1223 1018 1289 aine
1044 1228 1151 1290 multo

152 1362 212 1406 usu
243 1340 424 1424 pervenire.
469 1337 572 1425 Hujus
602 1339 759 1406 orationes
778 1353 909 1406 tantum
930 1343 1151 1430 argutiarum,

155 1471 284 1524 tantum
297 1458 490 1524 urbanitatis
502 1457 633 1535 habent,
646 1471 683 1522 ut
697 1479 796 1542 paene
809 1459 918 1525 Attico
933 1460 1005 1525 etilo
1017 1461 1154 1546 scriptae

154 1599 215 1643 etse
251 1579 431 1643 videantur.
477 1576 613 1642 Eaedem
647 1577 787 1664 argutiae
815 1577 851 1642 in
873 1579 1048 1666 tragoedias
1074 1580 1148 1646 ratio

154 1697 204 1760 ilie
236 1697 371 1781 quidem
396 1708 512 1772 acute,
545 1697 601 1760 ted
627 1716 746 1779 parum
780 1697 900 1783 tragice
927 1699 1147 1763 uamtulitt.»

153 1813 242 1880 Patet
271 1835 348 1878 eum
369 1815 461 1878 valde
481 1811 627 1878 nobilem
645 1813 829 1889 or'atorem,
852 1815 1013 1902 tragicum
1027 1817 1152 1882 medio·

154 1956 241 2000 crem
262 1934 376 2006 fuisse,
405 1934 571 2018 aequalem
596 1929 657 1998 Cn.
689 1933 843 2010 Domitii,
874 1932 912 2000 C.
936 1933 1033 2001 Caelii
1053 1949 1085 2001 et
1107 1933 1153 2001 M.

155 2051 328 2130 Herennii,
341 2051 398 2137 qui
416 2073 546 2127 omnes,
571 2064 609 2115 ut
625 2063 760 2134 apparet
784 2073 822 2115 er
841 2051 877 2116 iic
897 2053 1032 2137 quaein
1051 2052 1153 2118 Bruto

154 2171 373 2256 praecedunt,
401 2167 504 2235 Crassi
524 2181 557 2233 et
574 2166 706 2232 Antonii
723 2179 890 2234 oratorum
913 2172 1059 2255 aequales
1082 2173 1152 2234 iue-

155 2303 242 2354 runt.
267 2287 407 2353 Additur
429 2301 557 2352 autem:
582 2307 713 2372 «quem
724 2288 873 2352 studebat
884 2288 1004 2354 imitari
1014 2289 1158 2356 Μία·

154 2410 222 2473 niue
247 2411 361 2492 poiita,
385 2409 699 2493 homoperargutue,
721 2406 755 2470 in
767 2406 883 2472 fabulis
896 2408 1028 2493 quidem
1039 2409 1151 2486 etiam,

154 2541 189 2591 ut
223 2525 332 2603 ccitie,
370 2525 543 2590 disertus.»
596 2521 668 2588 Hoc
721 2523 943 2589 testimonium
991 2523 1155 2592 Ciceronis

155 2649 274 2710 multoe
315 2643 457 2720 induxit,
501 2656 539 2708 ut
582 2643 619 2707 L.
654 2640 846 2720 Afranium,
885 2645 975 2728 cujus
1017 2657 1155 2710 aetatem

153 2747 317 2851 perpauca
342 2762 529 2847 ceteroquin
549 2761 679 2848 vestigia
705 2764 888 2840 declarant,
923 2763 1064 2829 floruisse
1088 2777 1157 2828 sta-

155 2897 284 2950 tuerent
304 2881 388 2947 circa
408 2880 581 2956 Herennii,
604 2881 660 2964 qui
692 2880 735 2944 ibi
760 2895 983 2958 memoratur,
1008 2885 1156 2947 consuia-

155 3018 225 3069 tum
263 3022 350 3067 anno
384 3001 447 3065 660
485 2997 554 3088 (94)
595 3012 732 3087 gestum.
789 2996 851 3064 Sed
879 2999 960 3064 mire
981 3000 1056 3064 hinc
1078 3021 1157 3083 per-

159 3217 217 3228 aaa·

189 3337 200 3376 1
240 3319 305 3371 vid.
338 3319 518 3373 Weielrert
546 3321 637 3373 Poett.
661 3321 741 3371 batt.
759 3322 808 3370 Fr.
827 3337 856 3385 p.
872 3319 932 3388 ³7²·
951 3317 1015 3371 Non
1032 3335 1099 3384 opua
1117 3323 1159 3370 eti

157 3425 184 3468 nt
196 3453 205 3478 ,
224 3433 306 3486 quem
325 3416 345 3466 12
348 3423 428 3470 rento
444 3433 472 3482 p,
484 3416 517 3472 46
534 3420 683 3477 memorat,
703 3413 736 3469 C.
747 3413 851 3468 Titium
860 3413 997 3468 diversum
1007 3431 1063 3466 erae
1073 3419 1158 3482 pate-

155 3531 211 3566 mur
229 3516 264 3566 ab
281 3532 334 3574 eo,
353 3514 401 3582 qui
419 3513 546 3566 Ciceroni
563 3511 696 3565 laudatur.
716 3510 813 3580 Neque
829 3513 912 3582 igitur
928 3513 969 3566 ihi
986 3512 1159 3566 rubetitueu-

157 3612 218 3664 dam
245 3619 286 3664 eat
313 3610 494 3663 Titinnii
520 3627 640 3672 nomen,
668 3609 742 3679 quod
774 3611 997 3664 inconsideratior
1020 3611 1101 3664 statui
1127 3612 1156 3664 in

159 3715 237 3782 Dirq.
255 3712 289 3764 de
306 3714 341 3767 ΙΙ.
360 3709 444 3762 Aelio
465 3709 573 3762 Stilone
590 3709 671 3774 Ma.

190 3826 207 3863 ι
238 3810 272 3864 C.
284 3808 328 3862 4⁵.
347 3807 394 3860 Sic
404 3807 591 3859 existimarunt
605 3809 640 3858 Μ
646 3825 661 3858 e
667 3827 690 3876 y
703 3827 717 3859 e
728 3827 744 3860 r
755 3811 847 3862 Orctt.
856 3810 936 3859 Rom.
937 3809 1047 3879 fragm.
1059 3825 1085 3873 p.
1097 3809 1159 3876 278,

161 3905 269 3961 orell.
288 3907 387 3958 Onam.
407 3903 768 3974 Tult.11,590.111,274.
789 3907 1063 3958 Wertermann
1079 3906 1159 3959 aliam

162 3999 243 4072 legera
260 4003 405 4064 Fanniam,
432 4020 486 4056 non
497 4001 670 4054 sumtuarianr
680 4001 741 4054 anni
751 3999 802 4072 ⁵93
821 4002 894 4072 (16¹)
913 4002 1058 4070 significari
1072 4012 1159 4071 potat,

168 4101 259 4154 Geruli.
280 4100 308 4154 d.
322 4105 406 4155 Rem.
423 4099 549 4152 Beredta·
568 4115 594 4164 p·
614 4097 673 4151 124.

660 4227 680 4287 2
