2894 4986
630 365 672 428 tt

149 543 241 609 cendi
263 554 376 608 essent.
411 538 509 626 Quod
528 560 604 606 cum
621 539 668 604 illi
680 538 898 618 instituissent.
910 541 1072 608 Duronius
1083 541 1148 606 tri·

145 661 253 726 bunuc
276 658 379 744 plebis
399 659 529 725 sustulit
548 658 639 746 gravi
655 658 799 724 oratione
810 671 843 724 et
857 659 991 726 molesti
1005 661 1148 726 censori-

146 777 205 844 bus
228 798 364 844 omnem
386 797 554 864 pugnam,
578 797 662 862 quae
674 776 758 840 inter
774 777 934 860 scriptum
946 781 1044 862 juset
1060 780 1148 864 quod

146 896 378 961 consuetudine
388 895 548 962 niteretur
566 894 796 962 intercedebat.
820 892 974 960 Censores
988 916 1074 974 sero,
1086 895 1148 962 elia

144 1013 257 1080 omnin
278 1014 450 1098 suspicati,
476 1013 633 1100 indignati
654 1026 731 1079 eunt
754 1015 860 1101 legem
882 1033 902 1079 a
921 1013 1069 1078 Duronio
1087 1036 1149 1080 aru·

145 1133 308 1218 tiquatem
325 1153 409 1212 esse;
433 1134 663 1217 quercetum,
686 1143 725 1197 ut
743 1151 820 1196 eum
837 1144 949 1196 senatu
968 1143 1147 1198 mouerent.

146 1247 215 1314 lise
256 1249 390 1334 quidem
419 1249 683 1332 interpretatione
716 1248 899 1333 plenissime
929 1249 1012 1312 mibi
1040 1249 1150 1314 videor

146 1369 234 1434 haud
262 1370 368 1434 levem
396 1364 617 1432 difficultatem
633 1364 802 1431 sustulisse.
848 1365 1044 1454 intelligitur
1063 1369 1151 1432 enim

146 1488 234 1570 jem.
248 1484 414 1570 quomodo
425 1483 587 1548 Duronius
601 1485 649 1566 ⁸de
660 1485 794 1571 entique
806 1485 895 1572 lege,
917 1505 1000 1570 quae
1012 1488 1079 1552 lata
1090 1507 1153 1550 an·

148 1615 179 1668 te
215 1601 432 1690 quodraginta
457 1622 512 1668 sex
534 1622 634 1668 annos
660 1604 788 1678 fueret,
820 1615 977 1690 unquam
1009 1605 1049 1668 de
1069 1623 1154 1669 novo
1180 1631 1181 1634 ¹

148 1721 300 1788 dioeerere
320 1719 472 1804 potuerit.
495 1718 608 1804 Neque
625 1733 737 1786 tamen
756 1723 869 1788 eadem
890 1722 1154 1806 interpretatione

149 1852 259 1906 nostra
280 1839 349 1904 ullo
365 1840 464 1904 modo
479 1837 706 1916 infirmentur,
730 1857 814 1924 quae
829 1859 928 1924 supra
943 1841 983 1906 de
1002 1843 1072 1928 loge
1093 1842 1156 1906 Di·

151 1957 201 2022 dio
220 1976 289 2022 non
312 1955 433 2042 pariter
452 1969 550 2042 utque
571 1955 694 2022 Fannio
706 1968 739 2022 et
750 1956 874 2022 Licinio
885 1956 1054 2023 obliterato
1066 2004 1076 2036 ,
1088 1959 1156 2024 dis-

152 2072 349 2160 putavimus.
394 2073 532 2140 Videtur
552 2072 662 2150 enim,
684 2083 859 2160 postqumn
881 2077 945 2140 lata
969 2075 1051 2151 fuit,
1077 2097 1156 2159 per-

152 2201 255 2280 petuo
277 2191 346 2257 vim
374 2190 542 2269 habuisse,
576 2213 637 2256 nec
663 2191 722 2256 nisi
755 2190 905 2275 perbrevi
927 2205 1002 2258 ente
1022 2193 1156 2258 Antonii

154 2324 186 2376 et
199 2309 309 2376 Flacci
333 2330 502 2376 censuram
524 2309 675 2376 omisisse.
719 2307 794 2375 lum
814 2309 914 2396 igitur
928 2323 1158 2394 computemus

154 2448 253 2496 annos

243 2549 309 2614 572
335 2545 426 2636 (182)
452 2546 519 2611 Lex
542 2543 693 2610 Orchia
713 2547 787 2610 lata.

244 2667 309 2730 59³
334 2660 425 2754 (161)
475 2689 493 2730 «
537 2663 691 2728 Fannia
735 2687 754 2728 o
798 2661 1047 2731 uFanniocos.

244 2767 429 2872 sullus)
477 2805 496 2850 «
541 2781 659 2846 usuro
735 2805 753 2848 l
798 2780 1000 2859 anunm,
1039 2795 1076 2848 us
1108 2784 1159 2849 vt-

535 2900 649 2976 detur,
674 2911 834 2982 praetore.

244 3021 311 3086 ott
360 3017 428 3109 (ot)
478 3043 496 3085 <s
541 3016 1159 3105 Didiamrogauanuronionibpl.

279 3157 298 3198 n
388 3155 407 3198 u
478 3160 496 3202 o
541 3133 700 3202 Licinis
726 3137 790 3201 luta
824 3155 843 3200 a
872 3133 909 3202 P.
943 3135 1012 3204 Lic.
1049 3135 1162 3204 Crasso

544 3253 735 3324 Diritsoos.

204 3375 297 3464 Quae
330 3395 436 3464 Qum
463 3374 509 3441 ite
542 3395 606 3440 esee
640 3373 724 3440 notio
742 3373 812 3456 ipsu
834 3371 975 3450 evincet,
1002 3373 1161 3451 Lucilius,

165 3494 307 3562 Liciniae
317 3494 395 3582 legis
407 3493 609 3558 mentionem
623 3491 777 3576 injiciens,
788 3503 860 3576 post
871 3512 995 3558 sunum
1007 3494 1073 3560 657
1089 3491 1160 3583 (97)

166 3610 255 3679 vixit.
278 3609 342 3679 Sed
364 3605 493 3696 praeter
514 3611 594 3675 illud
606 3622 857 3697 argumentum,
869 3612 959 3698 quod
972 3613 1164 3678 ementione

167 3731 247 3796 dliur
267 3729 346 3819 lepis
369 3728 557 3814 petivimus,
572 3727 660 3792 uliud
679 3726 786 3792 afferri
803 3739 976 3811 potuerat,
1000 3748 1067 3816 quo
1086 3731 1164 3796 fides

168 3845 356 3934 Hieronymi
372 3844 550 3933 frangitur.
576 3841 692 3910 Cicero
714 3843 856 3909 enimin
877 3842 998 3909 Bruto:
1025 3844 1102 3911 sita
1112 3859 1166 3912 ta-

171 3967 246 4032 citus
267 3961 402 4056 (Crassi)
426 3962 629 4039 tribunatus,
653 3973 691 4027 ut
713 3960 772 4026 nisi
783 3961 818 4026 in
831 3981 870 4027 eo
885 3961 1077 4050 magistratu
1089 3985 1166 4032 coe-

171 4087 301 4152 rcuisset
328 4083 416 4168 apud
442 4102 635 4166 praeconem
662 4078 842 4160 Granium,
868 4081 965 4167 idque
994 4081 1041 4148 bis
1074 4083 1167 4150 nobis
