2888 4972
566 319 632 384 219

153 505 269 582 Χαῖρε,
296 499 463 582 inquam,
479 492 578 559 Tite.-
604 496 768 572 liotoree,
793 507 913 558 torota
937 497 1044 560 mrtoi’
1069 516 1122 558 co-

932 611 1079 699 horaque

157 738 283 816 Χαῖρε,
321 727 423 795 Tite!
458 727 550 792 Hine
583 729 696 794 hostie
726 731 776 793 mi
811 727 1007 806 Albucius,
1042 727 1131 810 lu'ttu¹

838 845 1046 911 inimicust.
1060 867 1078 906 i>

118 941 296 1042 Albucius,
320 984 421 1050 quem
444 961 501 1027 hic
512 975 736 1028 memoratum
750 962 916 1040 videmus,
941 964 1125 1028 numidam

119 1079 243 1157 fuerit,
277 1083 368 1165 cujus
404 1080 575 1144 Luciliano
597 1081 783 1146 charactere
810 1080 913 1144 libelli
932 1083 1127 1158 laudentur,

120 1200 209 1262 valde
243 1197 359 1261 dubito
371 1196 398 1262 ².
452 1193 565 1281 Neque
599 1197 688 1260 enim
719 1201 822 1284 ἰσχνὸς
853 1198 907 1262 ille
940 1196 1126 1262 Lucilianae

120 1323 252 1397 poliacoe
275 1318 434 1402 χαρακτὴρ
455 1335 533 1378 cum
548 1315 644 1397 hujus
664 1314 804 1378 artificio
815 1312 1000 1398 comparari
1012 1327 1131 1398 potest.

123 1433 220 1515 Apud
253 1429 429 1494 Horatium
455 1431 553 1494 etiam
577 1423 703 1493 nientio
725 1433 763 1493 fir
778 1431 868 1495 ‘aeriis
895 1430 1049 1507 Albucii,
1073 1432 1131 1514 qui

124 1569 228 1632 quum
265 1546 517 1622 convivaretur,
538 1548 637 1612 cervia
657 1548 720 1611 suia
737 1548 840 1611 officia
860 1548 1077 1612 distribuebat
1099 1560 1132 1613 et

126 1679 217 1743 ante,
236 1687 339 1751 quam
362 1664 478 1752 aliquia
499 1685 615 1730 eorum
639 1679 810 1748 peccaret,
835 1665 988 1730 caedebat
997 1687 1068 1742 eoa,
1086 1666 1134 1731 di·

127 1803 199 1847 cena
240 1783 343 1846 vereri
368 1803 423 1856 ae,
454 1803 518 1857 ne,
543 1797 662 1866 'quum
694 1796 900 1866 peccassent,
934 1787 1066 1848 caedere
1090 1784 1136 1848 illi

128 1913 236 1984 postea
256 1920 326 1963 non
344 1911 485 1965 vacaret.
510 1899 603 1962 Idem
628 1901 790 1964 veneficus
809 1913 879 1965 crat
891 1914 923 1964 et
935 1900 1135 1988 distinguen-

129 2019 186 2082 duo
220 2039 240 2082 a
273 2015 441 2080 Luciliano
453 2015 481 2080 3.
528 2014 684 2080 Albucius
717 2017 837 2102 igitur,
865 2037 966 2100 quem
984 2014 1138 2084 Scaevola

130 2133 245 2210 irriait,
267 2131 410 2198 Athenae
434 2133 616 2200 adolescens
637 2154 670 2196 se
694 2135 901 2208 contuderat,
922 2133 980 2197 ubi
1003 2133 1138 2216 Epicuri

130 2264 233 2317 aeetae
262 2247 308 2314 ita
336 2247 501 2325 adhaesit,
533 2262 570 2312 ut
599 2251 762 2334 perfectus
793 2249 974 2333 Epicureus
1003 2250 1140 2316 audiret.

133 2367 309 2434 Studuerat
332 2365 463 2431 Graecia
484 2366 605 2443 literis,
631 2379 665 2431 et
681 2379 773 2431 tanto
795 2388 846 2431 eoa
869 2369 980 2433 surore
999 2368 1141 2444 colebat,

133 2499 258 2576 quanto
289 2484 415 2548 fastidio
432 2482 629 2566 despiciebat
650 2482 790 2548 Latinae.
835 2479 950 2570 Quum
973 2483 1143 2563 Scaevola,

135 2603 229 2670 Asiae
248 2614 437 2686 praeturam
457 2599 588 2677 obiens,
605 2599 745 2665 Athenae
769 2601 925 2678 venisset,
947 2624 1024 2667 eum
1041 2601 1145 2670 Albu-

137 2721 203 2786 ciua
231 2723 410 2785 aelnotum
442 2718 603 2782 oonvenit.
649 2715 724 2782 Non
746 2718 822 2782 tulit
842 2717 1065 2812 arrogantiam
1086 2724 1145 2784 ho-

138 2839 234 2904 rninia
269 2851 302 2902 et
332 2837 464 2900 inanem
500 2837 643 2910 factum,
672 2834 725 2898 cui
748 2833 913 2900 Graecum
933 2858 966 2900 ae
989 2837 1147 2922 appellari

139 2956 241 3044 magis
264 2953 414 3037 placebat
431 2973 532 3038 quam
554 2952 744 3015 Romanurn
769 2964 802 3016 et
814 2951 986 3018 Sabinum.
1032 2954 1148 3038 Itaque

140 3094 207 3143 non
235 3073 342 3137 aolnm
362 3071 428 3154 ipae
456 3089 533 3133 eum
557 3067 682 3134 Graeco
704 3069 876 3146 salutavit,
902 3072 958 3135 sed
978 3071 1069 3134 omni
1090 3092 1150 3136 co-

141 3187 230 3255 horti
261 3210 357 3264 enae,
383 3200 423 3251 ut
445 3185 532 3252 idem
557 3187 724 3263 facerent,
750 3186 926 3270 praecepit.
973 3183 1075 3270 Cujus
1094 3187 1152 3252 in-

140 3309 244 3393 juriae
267 3304 440 3390 impatiens
464 3305 541 3381 ille,
563 3308 719 3370 reducem
742 3326 783 3368 ex
804 3300 974 3387 provincia
997 3320 1152 3389 repetun-

143 3429 263 3492 darum
280 3423 477 3509 poatulavit3
502 3424 558 3488 aed
578 3421 730 3508 quamvis
748 3423 912 3488 accuranti
935 3425 1044 3489 farere
1061 3425 1156 3490 vide·

143 3556 259 3612 rentur
294 3541 408 3608 Granii
432 3541 578 3618 tabulae,
602 3553 714 3607 tamen
739 3539 904 3608 abaolutua
923 3555 972 3608 cst
990 3539 1152 3612 Scaevola.

180 3840 193 3877 ι
234 3825 444 3879 cte-Min.
463 3823 490 3891 l,
509 3825 538 3889 5,
557 3843 583 3896 9.

181 3937 199 3974 a
231 3921 301 3990 sup.
319 3935 426 3988 para.

183 4018 200 4070 5
238 4015 590 4085 aar.1l,r,te.2,67.
