2860 4974
742 375 802 440 174

264 577 432 619 causarum
459 574 601 640 genera,
624 569 705 638 ‹ttrot
734 554 940 630 dictionum,
977 557 1055 640 quid
1092 558 1132 621 sit
1151 580 1277 644 gertus,

263 675 343 760 quid
365 674 505 757 species,
529 673 715 756 oppositum
736 696 755 736 a
777 671 943 737 contrario
957 674 1078 758 quibus
1098 675 1279 742 rationibus

261 791 480 877 desingunar
492 791 515 888 l
532 790 649 856 ieciroo
667 811 721 854 vos
743 789 952 854 arbitramini
974 792 1056 856 seire
1075 793 1206 876 qrridsit
1219 795 1280 859 iai-

261 921 358 987 smn',
376 912 459 995 quid
471 931 587 976 verum
602 953 611 982 ,
629 910 711 993 quid
722 909 795 974 fieri
809 910 907 993 possit
918 924 976 975 aut
987 913 1180 994 nonpossit,
1193 933 1281 998 qnae

263 1031 409 1094 imorum
422 1047 699 1112 summorumque
719 1041 838 1092 natura
854 1025 933 1092 sit?¹
950 1049 968 1088 a
994 1029 1044 1094 Ex
1062 1031 1125 1094 hoo
1136 1029 1278 1096 Arnobii

264 1151 335 1212 loco
355 1146 482 1211 nonnisi
507 1145 606 1210 verba
623 1145 679 1209 illa
691 1148 778 1232 quio
789 1143 971 1210 Femineas
982 1147 1212 1214 Lucilianum
1233 1185 1279 1199 —

265 1270 388 1330 tenetis
411 1266 499 1348 apud
521 1265 663 1328 Donsanr
688 1279 721 1346 p.
750 1264 789 1326 to
805 1277 942 1330 exstant.
966 1264 1038 1330 Non
1062 1267 1201 1332 attendit
1223 1281 1281 1334 ant

263 1386 316 1448 ilie
335 1397 392 1447 artt
409 1381 585 1472 quisquam
607 1380 708 1458 alius,
731 1379 867 1467 quidex
893 1381 1030 1461 ceteris,
1053 1403 1280 1468 quaepraeoe·

262 1505 349 1565 dunt
367 1501 421 1565 illa
442 1501 562 1576 verba,
584 1500 750 1566 nommodi
770 1500 841 1583 capi
859 1501 967 1583 possit.
993 1499 1206 1566 Manifestum
1220 1523 1279 1567 an·

265 1633 332 1682 tem
350 1633 397 1682 est
409 1619 469 1683 looi
487 1618 726 1682 cohaerentiam
747 1633 835 1682 rente
851 1619 1107 1697 attendentibus,
1131 1619 1167 1684 F
1168 1624 1281 1684 orsai-

265 1746 345 1800 asstr
366 1736 482 1799 Lucilii
507 1735 631 1799 librum
647 1735 765 1810 luisse,
790 1755 857 1819 qno
876 1736 1098 1818 disputaretur
1120 1738 1279 1802 darerbb

259 1869 297 1919 dt
318 1853 504 1919 nominibus
527 1873 586 1936 per
602 1873 691 1917 nasus
708 1865 741 1915 et
758 1867 909 1935 tenrpora
926 1855 1143 1930 declinandis,
1165 1857 1207 1920 de
1219 1875 1283 1920 so-

265 1973 356 2038 nibus
377 1972 524 2037 herberie
554 1985 586 2035 et
610 1971 805 2035 soloecismis
827 1971 988 2048 vitandis,
1011 1975 1051 2035 de
1075 1986 1163 2036 reete
1186 1993 1282 2037 eom·-

262 2094 416 2177 ponendo
448 2108 617 2165 sermone,
653 2103 686 2154 et
720 2087 928 2171 incompositi
964 2089 1045 2156 vitiis
1081 2091 1282 2177 detegendi.

265 2209 379 2296 Quum
397 2208 498 2294 igitur
519 2219 661 2282 constet,
683 2226 770 2270 nono
793 2206 878 2270 libro
903 2207 944 2270 de
967 2207 1206 2274 vocabulorum
1226 2211 1280 2274 de-

265 2329 437 2392 clinatione
467 2339 679 2408 praeceptum
711 2324 823 2401 luisse,
855 2326 984 2390 banda
1013 2346 1091 2391 vero
1114 2327 1282 2392 aberrabi-

265 2465 359 2521 mus,
382 2442 624 2516 existimantes,
646 2454 775 2516 cetera,
805 2461 888 2526 quae
908 2440 964 2505 hie
987 2459 1171 2508 memorata
1192 2446 1283 2511 ride-

265 2585 358 2640 mus,
391 2564 533 2626 enrrdam
563 2559 625 2624 sibi
646 2562 735 2623 iruna
756 2562 866 2625 loeurn
885 2561 1059 2626 vindicare.
1105 2559 1283 2647 Quaprop-

265 2699 316 2748 ter
344 2682 503 2746 nonnulla
525 2682 711 2765 fragmenta
731 2679 797 2742 bne
823 2677 938 2742 referri
959 2679 1134 2762 oportebit.
1180 2681 1287 2747 Velut

265 2804 356 2887 quod
385 2810 519 2864 autom
532 2817 661 2886 gestare
684 2797 961 2862 soloecismos-am
986 2799 1099 2864 dixisse
1121 2801 1283 2878 traditur,
1340 2803 1343 2810 “
1419 2789 1420 2803 ’

265 2939 346 3006 qnos
362 2937 476 2984 omnes
501 2915 604 2983 vitare
628 2916 736 2999 potius
760 2935 860 3000 quarn
885 2917 976 3000 sequi
1003 2915 1121 2993 debet,
1150 2916 1209 3002 qni
1230 2937 1283 2982 re-

179 3088 184 3096 .
265 3042 378 3125 gulam
401 3049 489 3101 reete
513 3034 667 3118 loquendi
687 3035 816 3098 studeat
833 3047 942 3098 tenere
955 3033 982 3098 ².
1029 3035 1198 3100 Praeterea
1217 3039 1285 3102 boe

266 3157 380 3221 referri
406 3173 497 3239 posse
532 3151 664 3218 ridetur
695 3151 799 3220 illud:
825 3149 946 3236 «Quae
978 3153 1079 3218 verba
1101 3153 1208 3240 magis
1229 3173 1283 3220 so-

266 3275 376 3338 nantia
398 3275 479 3350 sint,
502 3295 539 3337 ea
562 3267 669 3356 potios
687 3272 892 3347 roboremus,
906 3271 1286 3356 qaaeLneilirtssio-soe

264 3392 425 3478 appellat,
447 3393 469 3456 i.
490 3413 519 3456 e.
535 3389 821 3456 turritanensi.»
868 3391 975 3456 Etiam
1001 3394 1041 3456 de
1063 3393 1286 3459 sebematiises

265 3509 427 3576 monuisse
446 3509 568 3572 fertur.-
595 3507 675 3574 «Ut
692 3505 915 3584 aitLuoilius,
940 3509 1063 3574 bonam
1075 3509 1210 3575 selsam
1222 3523 1287 3586 sat,

279 3717 558 3738 ———····‘-''‘⁸¹'

298 3845 310 3882 t
348 3828 421 3879 Ans.
444 3828 537 3878 ocare
559 3821 588 3875 ll
608 3839 634 3890 p.
653 3823 714 3894 447.

298 3943 314 3979 n
349 3919 654 3993 laid.0rig.l,52.

297 4019 314 4070 5
349 4017 617 4087 bacillantia.
644 4015 706 4070 158.
742 4017 1082 4084 flecteprosoeaiis
1111 4035 1134 4073 s.
1164 4015 1288 4088 qnasi

263 4115 404 4174 vocalia
428 4112 581 4170 anmdsvit
600 4113 844 4169 stravivoesiis
863 4115 977 4167 narra
995 4117 1066 4167 Anu.
1087 4114 1187 4180 xlii,
1209 4135 1234 4172 a.
