2888 4972
340 1805 521 1912 ingratum
554 1847 629 1890 sane
664 1823 757 1888 uobis
786 1827 1011 1906 spectaculum
1048 1841 1126 1886 cum
1163 1820 1296 1896 aetatis,

285 1965 350 2028 qua
374 1943 517 2008 Lucilius
534 1943 667 2018 floruit,
692 1941 915 2016 adumbratio,
940 1955 1014 2005 tum
1023 1952 1296 2025 argumentorum

284 2061 451 2144 expositio,
475 2061 639 2146 inquibus
660 2073 803 2124 versatus
823 2073 886 2134 est,
900 2073 972 2122 tum
986 2077 1062 2122 vero
1071 2075 1297 2140 personarum,

283 2199 363 2262 quas
385 2179 557 2243 insectatus
578 2191 646 2252 est,
670 2176 844 2259 descriptio
865 2175 1026 2258 praebuit.
1073 2171 1166 2258 Quae
1187 2172 1295 2258 siquis

283 2310 401 2360 cuncta
418 2295 520 2359 menti
543 2309 706 2378 proponat
730 2316 767 2358 ac
788 2293 982 2368 meditetur,
1008 2295 1148 2356 fateatur
1172 2311 1295 2354 necesse

284 2426 350 2486 est,
386 2413 508 2497 magud
538 2414 609 2494 jam
644 2432 683 2476 eo
717 2412 786 2494 ipso
822 2425 972 2494 tempore
991 2412 1199 2493 corruptelae
1222 2408 1293 2472 labe

284 2528 472 2592 laboravisse
502 2527 685 2605 civitatem,
716 2528 751 2592 in
774 2550 839 2613 qua
862 2528 1023 2612 principes
1041 2526 1184 2610 turpiter
1205 2527 1296 2590 vise-

283 2659 357 2710 rent
381 2646 505 2730 ipsique
530 2645 615 2710 vitiis
638 2646 776 2733 insignes
788 2649 951 2731 populum
973 2647 1133 2730 pravitate
1152 2645 1294 2728 exempli

282 2785 303 2828 a
326 2762 447 2826 virtute
471 2776 655 2828 avocarent.
692 2762 911 2828 Nihilominus
941 2767 1011 2827 lore
1030 2762 1195 2840 arbitror,
1218 2761 1296 2847 qui·

282 2881 343 2944 bus
366 2901 413 2955 ea,
437 2902 521 2964 quae
544 2882 585 2943 de
605 2901 740 2946 morum
762 2893 847 2946 statu
868 2903 967 2964 supra
979 2880 1167 2967 attigimus,
1192 2901 1294 2963 prop-

282 3011 369 3063 terea
401 2997 614 3079 displiceant,
650 2998 748 3082 quia,
781 3021 865 3083 quae
899 3000 978 3063 vitia
1005 2999 1083 3062 oriri
1113 3021 1152 3064 ac
1175 2999 1293 3062 sensim

280 3117 460 3180 adolescere
483 3115 517 3178 in
545 3113 714 3198 republica
736 3117 929 3199 coeperint,
953 3117 1160 3201 potissimum
1185 3129 1295 3180 atten-

278 3234 410 3308 dentes,
441 3255 525 3318 quae
552 3247 754 3316 superessent
788 3234 924 3299 virtutes
951 3234 1074 3320 quique
1109 3234 1290 3299 virtutibus

280 3351 476 3414 excellerent
498 3351 578 3426 viri,
602 3353 724 3416 referre
744 3352 995 3437 neglexerimus.
1040 3349 1170 3436 Quibus
1190 3352 1217 3416 si
1236 3375 1294 3416 ao·

281 3467 410 3544 ciderit,
436 3481 473 3531 ut
493 3469 547 3532 illa
560 3465 722 3534 Ciceronis
742 3470 926 3534 attendant:
950 3472 1056 3534 mitto
1069 3471 1105 3534 C.
1119 3469 1295 3544 Laelium,

282 3585 326 3652 P.
351 3583 568 3672 Scipionem.-
602 3590 732 3652 aetatis
755 3587 862 3652 iltius
886 3591 959 3651 isto
975 3587 1058 3675 fuit
1084 3589 1187 3664 lusu,
1212 3599 1296 3652 tass-

281 3727 387 3792 quom
410 3707 695 3780 innocentiae,
719 3709 771 3770 sio
794 3706 923 3772 Latine
947 3705 1109 3792 loquendi
1121 3704 1148 3782 ¹,
1186 3727 1296 3770 nonne

281 3825 518 3890 declamaturus
548 3821 721 3888 verisimile
744 3825 847 3888 estin
872 3835 1018 3890 nostram
1035 3825 1150 3908 judicii
1175 3824 1295 3909 iniqui-

315 4149 328 4186 t
363 4091 447 4185 Brut,
465 4133 511 4203 74,
533 4135 592 4187 25⁸.
