2888 4972
787 500 852 562 29⁰

675 674 734 743 ced
755 679 795 743 ire
818 677 962 767 longam
986 689 1102 743 tamea
1123 701 1245 744 oetam

353 797 559 862 Mauceraut
587 795 750 885 hodieque
766 809 909 861 moueat
928 801 1081 887 vestigio
1106 801 1220 865 ruris.

352 913 459 982 Serus
478 919 569 982 euim
590 911 736 980 Graecis
755 915 911 981 admouit
931 921 1096 982 acumina
1120 918 1284 994 chartis,

352 1035 407 1101 ,Et
426 1046 507 1122 poet
528 1033 669 1098 Punico
689 1033 782 1098 hella
808 1037 947 1121 quietus
961 1059 1124 1122 quaerero
1146 1039 1274 1123 coepit,
1387 1105 1393 1116 ,

357 1151 639 1242 QuidSophoelet
649 1153 713 1218 etl
717 1153 831 1240 hospis
838 1153 1065 1240 c'tAeechplas
1076 1156 1166 1220 utile
1170 1155 1329 1243 ferrent,-

359 1273 521 1338 Tentaoit
543 1295 674 1359 quoque
687 1295 760 1337 rem
780 1275 815 1337 e'i
838 1272 945 1362 digne
968 1287 1098 1339 vertere
1115 1287 1258 1362 poscet,

357 1391 410 1456 Et
426 1391 569 1480 placuit
594 1391 684 1469 tihi,
708 1393 842 1457 nataret
865 1392 1034 1458 sublimio
1052 1405 1086 1458 et
1106 1417 1196 1459 acer.

357 1508 451 1576 Nom
468 1514 586 1598 spirat
605 1513 786 1600 tragicum
805 1513 899 1575 tatic
918 1522 951 1576 ct
965 1510 1132 1598 feliciter
1156 1511 1286 1589 audet,

358 1627 424 1696 Sed
446 1642 581 1718 turpem
599 1640 708 1715 putat
721 1631 761 1694 itt
772 1632 921 1716 scriptio
933 1634 1123 1718 metuitque
1136 1631 1291 1696 lituram
1303 1630 1328 1696 ¹.

315 1748 355 1812 In
387 1749 425 1814 iis
457 1748 551 1812 fuisse
573 1747 755 1826 Lucilium,
781 1748 839 1832 qui
859 1746 991 1814 Graecis
1013 1749 1231 1833 scriptoribus
1254 1773 1328 1835 ope·

315 1889 387 1932 ram
420 1866 598 1943 dedissent,
632 1879 666 1932 et
697 1848 901 1931 comicorum
916 1869 1108 1951 pracsertim
1129 1869 1252 1935 tabulis
1274 1891 1331 1954 pe-

315 1988 401 2052 nitus
426 1986 546 2051 imbuti
566 1999 691 2062 essent,
716 1988 830 2050 eodem
851 1999 984 2052 auctore
1002 2000 1144 2052 constat:

359 2105 515 2192 Eupolis
538 2117 641 2193 atque
666 2104 836 2170 Cratinus
857 2104 1181 2195 Aristophanesque
1200 2109 1330 2193 poitoe,

361 2225 476 2315 Atque
498 2227 580 2303 alii,
605 2249 752 2315 quoram
774 2225 947 2292 comoedia
957 2229 1333 2313 prieoovirarameet,

361 2343 404 2412 Si
428 2350 510 2434 quie
532 2359 608 2411 erat
620 2345 752 2437 diguus
765 2343 935 2422 describi,
948 2346 1039 2434 quod
1049 2348 1167 2411 malus
1180 2347 1329 2434 aetsar,

365 2464 465 2554 Quod
487 2465 642 2530 moechus
654 2464 773 2552 foret,
798 2477 861 2530 oat
879 2468 1036 2531 sicariae
1058 2479 1121 2530 aut
1147 2468 1289 2554 alioqui

362 2581 552 2659 Famoeuo,
576 2583 692 2647 multa
712 2605 789 2647 cam
813 2581 975 2648 libertate
995 2584 1175 2650 notabant.

364 2701 456 2767 Hinc
480 2705 592 2767 omnic
611 2701 735 2789 pendet
759 2703 924 2768 Lucilius
935 2730 950 2785 ,·
975 2703 1070 2770 hoece
1092 2715 1231 2769 secutas

363 2820 520 2886 Mutatic
542 2833 682 2886 tautam
700 2819 847 2908 pedihus
869 2821 1185 2911 numerisque-st.

321 2939 408 3005 Haec
436 2961 514 3005 vcro
543 2938 571 3004 si
600 2941 883 3023 reputaverimus,
915 2942 1032 3006 diserte
1060 2941 1103 3005 ab
1133 2941 1333 3029 intelligente

318 3060 428 3146 judice
446 3059 639 3133 enunciata,
664 3057 784 3144 quibus
809 3058 965 3124 consentit
979 3059 1173 3137 Diomedes,
1192 3062 1335 3126 scribent

324 3203 343 3246 e
352 3179 484 3244 satiram
509 3181 550 3242 ad
575 3179 736 3261 carpenda
749 3178 924 3242 hominum
945 3179 1200 3246 vitioorchoeae
1214 3203 1337 3244 comoe-

324 3296 404 3361 diae
418 3298 616 3362 charactere
628 3297 848 3380 compositum
861 3319 994 3361 carmen
1004 3317 1068 3362 esse
1081 3318 1120 3375 ι),
1134 3298 1210 3362 sotis
1222 3299 1337 3364 mirari

324 3437 393 3481 non
414 3438 600 3500 possumus,
625 3417 791 3500 quomodo
809 3413 969 3480 Graecis
993 3416 1340 3481 intactumcarmen

326 3537 402 3624 eim
431 3535 526 3599 fuisse
563 3535 712 3612 dicotur,
744 3534 802 3619 qui
831 3534 937 3598 omnis
966 3535 1122 3618 pependit
1149 3557 1167 3599 c
1192 3533 1340 3602 Grecos.

325 3655 457 3720 Etenim
475 3653 501 3717 si
523 3667 709 3730 exten1o‚a
730 3652 941 3719 Graecorum.
959 3653 1141 3718 imitatione
1154 3656 1274 3731 duem,
1287 3677 1343 3719 sa-

325 3774 406 3837 tirae
428 3772 511 3837 ratio
533 3769 775 3856 Quintilianum
795 3771 919 3848 movit,
950 3785 989 3836 ut
1008 3771 1199 3836 Ennianum
1216 3775 1342 3858 genus,

326 3891 474 3977 quemvis
492 3889 657 3976 antiquius
678 3890 807 3967 suisset,
832 3889 1002 3976 posteriori
1025 3889 1137 3976 generi
1162 3899 1345 3976 postpone·

361 4195 373 4233 1
409 4175 646 4249 Ep.11,1,2⁵e.

363 4293 378 4328 ι
417 4269 767 4348 Sot.l,h.Sup.p·78·
