2894 4986
616 417 657 479 65

137 597 275 682 turpiter
296 597 460 682 neglectae
489 593 696 671 subueniret,
734 591 864 660 constet*
899 595 1014 680 pictori
1037 619 1069 664 ee
1091 601 1138 662 lo-

136 714 273 790 cavisse,
297 711 356 778 ubi
380 713 503 778 fabulae
527 709 719 797 composuit.
752 711 834 778 Nolo
864 717 927 779 tale
945 714 1136 806 quideffir-

134 854 229 897 mere
252 834 293 896 de
317 828 465 896 Lucilio:
480 853 557 895 narn
579 833 669 895 nulio
691 845 779 896 certo
799 830 985 896 testimonio
1003 832 1137 918 probari

133 964 259 1034 potest,
284 951 429 1014 veihane
449 949 478 1014 ei
507 963 575 1014 tem
607 949 758 1014 acerbam
788 949 1007 1016 necessitatem
1038 973 1138 1037 prop·

133 1081 179 1133 ter
201 1071 353 1133 iortunee
382 1065 513 1132 ruinam
532 1065 645 1142 iniere,
669 1067 719 1133 rei
743 1068 823 1132 illud
846 1083 914 1133 tarn
936 1090 1034 1155 greve
1050 1091 1132 1153 eup-

134 1183 277 1270 plicium
290 1187 331 1250 de
346 1181 641 1250 coimmoderetiue
672 1184 706 1247 in
727 1205 831 1250 mores
851 1183 990 1251 civitatis
1008 1185 1137 1254 invecto

132 1319 279 1370 sumtum
300 1325 375 1368 esee.
420 1295 511 1387 Quin
530 1301 565 1367 in
583 1303 781 1368 contrarium
807 1304 914 1388 potius
946 1303 1134 1388 opinionem

135 1421 224 1489 secile
255 1425 456 1488 deducamur
479 1419 604 1486 Horatii
628 1421 753 1487 verbis:

174 1537 228 1606 Ne
251 1539 393 1629 lengum
406 1537 573 1626 faeiem:
596 1562 654 1604 me
677 1563 729 1604 me
749 1541 1112 1628 tranquilleeeneetus

177 1659 389 1746 Exspectat,
412 1681 472 1722 eeu
494 1655 592 1722 More
614 1661 709 1723 aeris
731 1660 957 1724 circumvolet
978 1659 1069 1736 alie,

175 1778 302 1854 Dives,
326 1779 427 1864 inope
439 1824 447 1854 ‚
461 1773 588 1842 Romae
600 1823 609 1855 ,
623 1801 681 1842 eeu
685 1776 769 1865 sere
782 1781 837 1843 ita
844 1781 1012 1866 jueeere't,
1026 1779 1135 1857 eemi,

177 1897 349 1986 Quicquie
373 1899 443 1960 erit
455 1897 558 1973 vitae,
581 1895 752 1972 scribam,
774 1897 877 1961 color.
903 1895 933 1962 T
941 1919 972 1963 r.
989 1895 1018 1961 0
1034 1920 1134 1984 puer,

1035 2010 1052 2049 e

178 2076 215 2146 V
214 2076 345 2152 italie,
370 2087 499 2152 metue,
523 2086 555 2138 et
575 2075 751 2162 majerum
770 2097 811 2138 ne
835 2077 915 2160 quie
935 1997 1089 2140 cedidere?

176 2193 326 2285 Frigore
349 2205 381 2258 te
395 2193 525 2281 feriet.
548 2191 651 2257 Her.
675 2190 799 2280 Quid?
816 2214 893 2256 eum
912 2191 1136 2260 eetlrueiliru

177 2371 326 2439 Primus
338 2374 378 2438 in
397 2371 609 2459 incoeperit
622 2393 815 2458 componere
825 2305 1135 2449 earminaarddddm,

628 2528 673 2540 -
694 2513 778 2554 reum
801 2488 943 2554 Laelius
964 2501 1026 2556 aut
1045 2495 1108 2578 qui

176 2611 294 2677 Duxit
317 2609 361 2674 ab
382 2632 542 2697 epprma
565 2612 732 2674 meritum
756 2608 974 2698 Carthagine
985 2633 1105 2675 nemen

176 2729 324 2821 Ingenio
348 2727 495 2815 effctui?
519 2740 582 2792 aut
603 2728 692 2792 laeee
716 2726 852 2792 doluere
872 2725 1038 2794 Metello?

175 2847 398 2935 Femeeieque
420 2846 517 2934 Lupe
539 2858 691 2933 cooperto
711 2845 895 2910 versibus?
948 2844 1062 2936 Atqui

176 2967 361 3033 Primores
380 2965 507 3054 populi
521 2968 680 3053 erripuit
689 2965 923 3053 populumque
932 2966 1099 3030 tributim
1112 2966 1136 3031 ¹.

137 3085 182 3151 Ex
201 3087 252 3152 hie
265 3085 430 3161 versibus,
454 3098 492 3148 ut
508 3082 666 3172 distingui
678 3087 798 3162 colent,
823 3083 959 3148 efficitur
970 3082 1137 3149 Lucilium

135 3225 285 3271 securum
309 3225 367 3287 per
385 3223 517 3268 omnem
540 3202 641 3268 vitem
660 3202 755 3267 inisse
766 3203 807 3267 eb
819 3201 1031 3266 inimicorum
1046 3203 1136 3278 telis,

137 3347 213 3410 quoe
225 3323 294 3390 stili
311 3319 486 3388 acerbitate
497 3325 731 3387 momorderat.
756 3319 818 3386 Sed
838 3324 946 3385 locum
960 3321 1024 3386 ritc
1037 3323 1139 3388 consi-

137 3443 322 3510 derantibus
335 3441 397 3507 elie
406 3441 556 3528 cogitatio
570 3453 716 3505 mentem
731 3439 829 3505 cubit.
853 3438 982 3505 Scilicet
993 3441 1140 3506 Trebati-

137 3585 170 3628 us
181 3560 288 3629 vereri
296 3583 328 3627 ec
340 3561 476 3636 dixerut,
488 3582 530 3624 ne
541 3559 631 3646 gravi
643 3555 802 3642 supplicio
815 3557 966 3625 Horatius
979 3562 1139 3624 mulere-

138 3695 212 3758 tur‚
232 3683 258 3747 ei
278 3682 414 3764 impune
437 3679 564 3762 quosvis
577 3677 708 3764 aggredi
732 3677 791 3740 eibi
816 3678 911 3742 licere
924 3679 1122 3742 existimaret

138 3798 298 3865 Memorat
309 3797 471 3863 Lucilium
484 3795 652 3868 Horatius,
663 3795 720 3880 qui
733 3795 895 3879 principes
913 3799 1062 3860 lucescere
1080 3819 1133 3860 nn-

138 3941 186 3984 eue
208 3918 367 4006 effugisset
391 3918 587 4003 optimatum
609 3915 701 3992 vim,
731 3937 830 3999 quem
853 3937 910 3980 nec
933 3914 1059 3979 Laelius
1084 3939 1123 3981 ne

173 4217 183 4254 t
225 4199 528 4268 Set.tt,1‚57.rqq.
