2860 4974
696 325 755 383 tto

222 500 389 584 publicum
424 501 646 564 recitationem
682 519 740 564 neo
776 503 934 584 speravit,
970 524 1029 564 neo
1058 501 1252 588 cogitavit,

220 621 276 682 aed
315 618 459 702 privatae
491 619 620 682 lectioni
657 619 825 683 destinarit
857 641 937 703 opus
970 641 1088 695 suum,
1121 635 1158 683 ut
1185 622 1252 686 liic

222 757 331 801 tersus
355 750 508 800 tentatur:

267 852 411 918 Feretro
434 877 474 918 ue
500 855 641 942 longum
667 876 744 917 vero
764 856 824 918 boe
851 855 1028 920 lectoribu'
1053 855 1195 920 trudam
1211 857 1246 919 ¹.

222 971 334 1056 Neque
366 992 444 1036 vero
478 971 534 1055 qui
560 971 659 1054 primi
682 985 854 1036 censentur
878 974 963 1038 illius
985 973 1090 1057 operia
1110 976 1248 1037 famam

222 1110 435 1175 propagasse,
466 1089 642 1153 Archelaus
671 1103 704 1154 et
727 1089 955 1166 Philocomum,
980 1111 1073 1174 apem
1098 1091 1251 1156 auctoris

219 1221 444 1291 superarunt,
479 1209 536 1271 aed
569 1227 680 1272 coram
709 1208 819 1290 paucio
848 1208 1063 1273 familiaribus
1087 1211 1251 1294 legerunt

221 1339 256 1389 et
288 1325 504 1391 commentati
531 1338 619 1391 eunt.
666 1324 830 1390 Credibile
855 1339 969 1390 tamen
992 1340 1060 1401 eet,
1086 1327 1251 1410 proximo

224 1457 397 1525 tempore,
425 1463 532 1526 quum
557 1445 732 1507 vehemens
752 1443 899 1508 studium
919 1458 952 1508 et
972 1443 1144 1508 admiratio
1155 1447 1250 1525 1)οὸ-

224 1573 275 1624 tae
297 1559 526 1625 Romanorum
548 1559 676 1625 animoa
698 1575 731 1626 et
752 1563 882 1648 ingenia
906 1575 1111 1645 oocupaaeet‚
1128 1560 1249 1624 labeu-

223 1692 256 1741 to
276 1676 444 1762 republica
462 1677 497 1740 in
517 1698 639 1764 magno
660 1679 834 1743 hominum
856 1693 1020 1744 conventu
1030 1679 1250 1764 pronunciari

226 1795 310 1860 illud
321 1795 474 1880 ooepiue.
499 1793 651 1860 Horatius
674 1796 740 1879 ipse
751 1796 862 1861 satiras
872 1816 944 1862 euos
957 1796 1114 1862 aradientia
1126 1795 1251 1879 populi

225 1913 345 1998 judicio
363 1913 521 1996 subjicere
545 1914 669 1990 noluit,
694 1914 769 1997 quia
794 1927 919 1990 essent,
943 1935 1024 1999 quoe
1047 1935 1148 2000 &nus
1158 1913 1251 1977 sslud

226 2031 362 2096 minime
385 2032 526 2115 juvaret.
573 2029 691 2093 Maluit
726 2053 777 2095 ees
800 2031 934 2108 amicis,
969 2053 1037 2096 non
1060 2031 1167 2095 ubivis
1186 2051 1250 2094 co-

225 2165 339 2215 ramve
374 2147 595 2234 quibuslibet,
617 2147 754 2212 recitare
767 2146 794 2211 2.
845 2147 934 2212 lllud
971 2147 1167 2235 intelligitur
1203 2167 1250 2210 ex

228 2267 334 2332 verbis
366 2264 492 2331 Horatii
513 2265 618 2352 vulgo
641 2267 793 2329 recitare
815 2266 999 2340 timentis,
1023 2285 1091 2332 non
1113 2265 1253 2330 inaudi-

229 2398 303 2449 tum
325 2405 403 2448 eum
423 2383 593 2467 negotium
613 2396 842 2466 suscepturum
864 2383 969 2448 fuisse.
1010 2381 1107 2468 Quod
1126 2383 1255 2448 ooufir-

231 2515 343 2566 matur
371 2499 555 2582 interpretis
579 2498 707 2564 verbis:
734 2527 750 2565 u
764 2499 830 2564 Alii
852 2498 1002 2566 Sulcium
1027 2513 1060 2566 et
1085 2499 1252 2584 Caprium

231 2639 358 2684 amaroe
375 2617 470 2682 fuisse
486 2615 631 2682 autiriooe
652 2619 771 2701 ajunt,
792 2619 850 2702 qui
874 2621 916 2683 ad
935 2614 1044 2684 ravim
1062 2639 1255 2703 urqueouas

231 2735 344 2804 attint
376 2733 575 2811 recitabant,
607 2738 771 2818 carpendo
804 2737 944 2801 latrones
966 2736 987 2800 i.
1011 2758 1038 2803 e.
1065 2736 1192 2802 vitioeoe
1216 2749 1255 2800 et

233 2855 319 2920 malo
348 2849 528 2918 viventes&
544 2870 561 2912 o
608 2849 683 2916 Non
704 2853 823 2916 diaerte
840 2850 983 2917 traditur
1007 2853 1071 2918 boo
1093 2852 1254 2917 recitandi

235 2992 373 3038 munero
393 2972 525 3035 functus
541 2989 606 3034 eoae
629 2967 777 3034 Valerius
799 2966 900 3047 Cato;
925 2971 980 3034 aed
997 2970 1147 3036 existimo
1157 2968 1255 3053 equi-

233 3093 309 3156 dem
340 3087 600 3156 eommodiuime
633 3087 668 3149 in
691 3106 807 3152 eorum
827 3107 1009 3153 numerum
1032 3087 1147 3154 reterri
1170 3107 1252 3152 eum

237 3227 340 3290 potae.
384 3204 470 3272 Nam
495 3219 543 3270 eat
561 3205 601 3269 de
624 3225 663 3269 eo
681 3204 735 3269 bio
758 3205 953 3270 versiculus:

286 3325 370 3389 Coto
389 3325 674 3412 grammaticus,
697 3321 831 3388 Latino
851 3319 978 3397 Siren,

287 3441 360 3527 Qui
381 3442 477 3506 solut
502 3442 590 3528 legit
613 3464 654 3505 oo
669 3439 769 3525 fucit
787 3439 949 3526 poitoel.

244 3645 523 3666 ...a-¹⁸*-

275 3803 287 3840 1
326 3781 942 3856 Pragmtx.1⁵.cl.uouscp.ut.

273 3878 782 3948 aare.t.t.22,72.10.⁵e.

275 3977 292 4028 ⁵
330 3981 462 4036 comm.
483 3979 568 4046 Cruq.
586 3993 614 4042 p.
631 3975 679 4030 552
700 3977 821 4028 milior.
845 3979 906 4024 SM.
928 3974 953 4034 l.
973 3972 1002 4032 4,
1022 3989 1068 4039 7⁰.

277 4071 292 4122 l
328 4076 367 4124 D«
390 4072 437 4124 tlt.
460 4075 506 4124 Gr.
529 4087 570 4126 tt.
