2888 4972
613 375 677 434 253

160 549 241 638 quid
268 563 431 624 statuere;
463 548 678 632 nequeenim
699 547 882 631 quidquam
907 546 1017 612 indicii
1037 550 1077 612 de
1099 548 1171 630 pri-

160 690 218 734 mo
251 665 413 732 Lucilisni
444 666 551 749 operis
579 665 694 730 habitu
714 679 877 747 superest,
908 665 968 730 nisi
993 671 1082 750 quod
1106 667 1173 748 ejus

162 791 333 852 satiras
359 786 572 854 familiaribus
597 786 660 850 suis
693 783 870 852 Archelaus
898 785 1016 869 aliique
1037 788 1173 871 legendo

163 906 485 986 commentandoque
520 916 612 966 notas
642 902 751 966 secisse
784 903 950 967 dicuntur.
996 902 1082 966 Fieri
1105 921 1174 965 non

167 1022 276 1104 potuit
298 1035 358 1096 ut,
382 1041 488 1104 quum
509 1020 619 1102 primo
642 1019 816 1084 satirarum
836 1019 922 1084 libro
951 1023 1071 1103 duplex
1098 1021 1174 1084 deo·

166 1159 242 1205 rum
267 1137 443 1202 concilium
468 1137 668 1219 descriptum
687 1137 728 1200 sit
746 1136 780 1213 ¹,
804 1137 895 1219 prior
916 1141 983 1221 ejus
995 1137 1070 1200 libri
1090 1158 1174 1219 pars,

166 1280 232 1342 qua
262 1256 351 1340 prius
387 1255 563 1320 consilium
591 1256 774 1337 expositum
800 1269 866 1331 est,
902 1255 1049 1320 universe
1067 1259 1175 1343 prior

169 1375 259 1440 liber
290 1375 476 1449 diceretur,
514 1375 601 1457 quia·
625 1371 689 1438 dici
722 1387 913 1456 oportuerat
944 1378 1052 1461 prior
1088 1374 1177 1438 liber

167 1496 317 1579 primus.
341 1489 573 1575 Quapropter,
598 1511 632 1555 re
655 1493 835 1573 prudenter
857 1493 1071 1566 considerata,
1096 1493 1176 1557 mihi

171 1611 263 1678 facile
284 1611 480 1692 persuadeo,
504 1609 669 1673 Lucilium
688 1609 847 1691 plurimas
873 1609 1176 1697 diversiargumen-

171 1729 193 1792 ti
214 1729 324 1792 satiras
345 1727 583 1810 composuisse,
616 1747 733 1811 easque
754 1740 886 1792 cunctas
909 1727 1068 1792 duodus
1089 1729 1179 1793 libris

172 1846 472 1930 comprehendisse,
507 1865 652 1930 quorum
681 1844 823 1932 singulos
854 1846 889 1908 iis
910 1846 1012 1910 titulis
1039 1867 1182 1912 ornave-

173 1965 237 2041 rit,
273 1965 330 2048 qui
359 1985 427 2028 non
448 1962 601 2027 omnibus
619 1965 777 2046 cujusque
799 1963 874 2025 libri
893 1963 1015 2039 satiris,
1037 1967 1091 2028 sed
1113 1965 1180 2048 pri·

174 2105 246 2147 mae
278 2083 435 2166 cujusque
467 2081 583 2146 satirae
614 2081 833 2144 conuenirent.
885 2078 939 2144 Sic
971 2082 1060 2163 prior
1097 2081 1182 2146 liber

174 2202 279 2266 dictus
304 2201 346 2264 ab
368 2221 406 2264 eo
428 2200 491 2264 erit
514 2201 688 2262 Deorum
711 2199 953 2274 concilium,
988 2203 1069 2264 altor
1092 2199 1183 2265 Col-

118 2336 122 2341 *
175 2323 279 2405 lyra,
305 2333 403 2403 atque
420 2321 496 2402 jure
518 2317 798 2392 existimabimus,
823 2317 917 2379 illum
940 2317 977 2380 L.
1009 2317 1183 2382 AelioSti-

176 2436 267 2513 loni,
283 2435 413 2500 Fundio
430 2436 536 2500 villico
554 2438 694 2500 alterum
718 2433 914 2517 inscriptum
941 2435 1048 2499 fuisse.

221 2553 336 2638 Quum
370 2555 470 2639 igitur
504 2556 582 2616 hacc
601 2556 667 2616 sola
691 2553 774 2616 ratio
796 2567 928 2636 pateat,
954 2557 1076 2637 quade
1098 2556 1187 2619 anti-

178 2665 335 2754 quissimo
371 2670 528 2734 Luciliani
564 2669 668 2751 operis
703 2669 817 2732 habitu
848 2669 1010 2751 judicium
1044 2674 1186 2748 seratur,

179 2790 427 2873 quaerendum,
450 2785 509 2870 qui
535 2790 660 2852 iactum
678 2785 719 2848 sit
747 2799 781 2848 ut
804 2788 1185 2872 trigintasatirarurn

180 2906 254 2970 libri
276 2905 432 2990 distingui
453 2905 630 2987 coeperint.
656 2903 862 2968 Revocemur
886 2904 928 2966 itu
947 2907 988 2969 ad
1011 2909 1119 2970 locum
1133 2929 1188 2970 su·

182 3047 242 3107 pra
274 3046 291 3086 e
327 3023 436 3086 libello
457 3022 510 3086 ds
545 3021 755 3086 illustribus
782 3025 1036 3109 gratumatiois
1074 3027 1190 3088 lauda-

181 3142 306 3218 tum²;
340 3163 407 3226 quo
427 3139 462 3204 in
485 3140 641 3205 Romanis
668 3139 763 3203 fuisse
786 3138 963 3215 dicuntur,
988 3141 1045 3224 qui
1069 3144 1193 3209 earmi-

183 3283 242 3332 na,
265 3283 384 3344 parum
408 3262 514 3328 adhuc
537 3260 726 3343 divulgata.
751 3261 801 3320 vel
818 3260 1049 3323 defunctorum
1069 3263 1195 3327 amico·

184 3401 280 3454 runt,
305 3382 355 3444 vel
378 3379 404 3442 si
431 3398 575 3461 quorum
608 3377 747 3440 aliorum
772 3375 985 3458 probassent,
1010 3378 1195 3465 diligentius

184 3510 409 3563 retractarent.
436 3495 487 3559 lbi
510 3496 659 3578 primurn
677 3496 716 3557 de
745 3493 855 3558 Naevii
872 3494 993 3558 Punico
1005 3497 1091 3562 bello
1104 3521 1196 3562 men·

185 3617 232 3680 tio
261 3617 317 3691 fit,
352 3616 441 3697 quod
470 3612 507 3678 C.
535 3611 689 3678 Octavius
715 3612 896 3693 Lampadio
921 3635 986 3675 non
1007 3618 1110 3676 solum
1137 3637 1197 3678 er-

186 3735 316 3818 plicuit,
340 3735 393 3797 sed
416 3733 535 3807 etiam,
555 3733 651 3795 unico
669 3732 834 3796 volumine
852 3745 885 3794 et
903 3731 1079 3796 continenti
1092 3734 1198 3816 scrip-

187 3917 407 3927 ...η-..κμ-

224 4033 236 4069 ι
277 4017 345 4081 Snp.
365 4035 391 4082 p.
414 4015 472 4068 163.

226 4132 240 4166 2
277 4131 304 4180 p.
325 4115 370 4176 46,
391 4113 450 4174 ιῖη.
