2888 4972
760 417 824 475 260

269 595 406 680 legitur,
428 596 483 656 etsi
501 593 652 658 Lucretio
673 595 714 654 de
735 613 847 656 rerum
867 607 983 654 natura
1007 593 1161 657 scribenti
1187 595 1280 658 unica

268 713 440 778 convenire
459 711 631 784 rideatur,
656 725 765 774 temen
786 733 805 776 a
823 709 991 774 Luciliano
1016 711 1100 792 poesi
1123 733 1191 776 non
1204 713 1280 776 elie·

269 853 328 896 nus
350 843 419 906 est,
442 851 541 914 quem
564 828 703 892 vidimus
725 829 856 914 physica
881 849 1077 894 memorasse
1091 829 1117 894 ¹.

311 1067 487 1134 Videamus
508 1069 601 1152 jam,
627 1089 694 1154 quo
716 1083 864 1153 tempore
888 1071 1000 1134 satiras
1012 1093 1083 1134 suas
1095 1068 1280 1152 scripserit,

267 1203 341 1263 aut,
363 1188 387 1252 si
411 1186 534 1260 mavis,
556 1187 727 1251 dictaverit
740 1185 894 1250 Lucilius.
920 1187 1088 1250 inchoasse
1100 1207 1177 1250 eum
1192 1208 1282 1252 non·

268 1309 375 1379 nulla,
402 1325 468 1389 quo
495 1314 646 1388 tempore
670 1304 705 1368 in
729 1305 838 1369 castris
852 1307 890 1368 ad
908 1303 1119 1370 Numantiam
1136 1325 1279 1371 tersere·

266 1441 321 1488 tur
333 1469 343 1498 ,
356 1445 456 1506 suprn
478 1423 652 1487 statuimus
666 1421 693 1486 ².
717 1423 900 1486 Exordium
919 1437 1029 1488 nutem
1054 1423 1133 1488 illud
1153 1426 1194 1488 de
1221 1447 1282 1488 as·

269 1543 381 1606 literis
407 1554 438 1605 el
462 1554 578 1605 terroe
593 1541 792 1630 genitabili
816 1553 965 1628 ternpore
991 1541 1183 1627 quaerendo
1195 1541 1282 1606 mire

265 1662 457 1726 adolescenti
490 1658 665 1736 convenit,
702 1681 740 1724 eo
776 1660 845 1742 ipso
881 1675 1030 1743 tempore
1064 1657 1224 1743 Scipionis
1247 1677 1282 1726 et

265 1779 381 1845 Rutilii
401 1782 442 1843 sle
464 1777 652 1844 coelestibus
666 1777 763 1842 rebus
775 1777 979 1843 sermonibus
991 1779 1162 1861 praesenti.
1188 1776 1281 1863 Quo-

266 1901 366 1962 modo
399 1919 477 1962 tero
510 1897 586 1962 huic
614 1897 747 1962 exordio
783 1897 934 1980 proxima
966 1909 1042 1980 apta
1077 1899 1222 1970 suerint,
1247 1915 1281 1964 et

263 2023 360 2100 poe'ta
380 2017 528 2081 Deorum
549 2016 725 2082 concilium
752 2012 940 2092 induxerit,
965 2037 1031 2082 non
1054 2031 1156 2099 patet.
1193 2017 1282 2082 Por·

264 2153 343 2202 tasse
367 2135 547 2200 celebratae
570 2155 683 2198 rerum
710 2134 899 2200 coelestium
920 2135 1158 2221 investigationi
1171 2157 1282 2220 oppo-

263 2257 327 2320 suit
359 2254 604 2320 celebratiorem
639 2267 671 2318 et
692 2252 826 2318 homine
850 2253 1034 2339 digniorem
1057 2267 1090 2318 et
1112 2275 1193 2319 vero
1211 2256 1281 2322 uti-

265 2375 379 2437 liorem
409 2375 449 2436 de
481 2371 548 2436 rita
575 2387 606 2436 et
634 2371 781 2434 moribus
815 2371 964 2435 humanis
999 2371 1280 2455 disquisitionem,

264 2495 398 2576 ejusque
427 2489 656 2573 praestantiam
678 2510 717 2552 eo
737 2489 996 2566 demonstravit,
1021 2492 1110 2573 quod
1139 2513 1182 2554 ne
1210 2491 1280 2556 Diis

263 2611 396 2694 quidem
433 2611 655 2672 humanarum
678 2629 790 2670 rerum
816 2629 895 2672 curs
917 2607 1112 2690 displiceret.
1162 2606 1279 2691 Quum

265 2750 340 2793 vero
365 2728 609 2810 acceperimus,
634 2727 743 2809 primo
764 2727 848 2790 libro
873 2739 984 2794 aetum
1005 2747 1069 2790 esse
1090 2726 1177 2790 inter
1194 2726 1280 2792 Deos

263 2851 304 2914 de
340 2847 426 2931 Lupi
462 2846 619 2919 interitu,
652 2847 671 2909 i.
692 2867 720 2910 e.
754 2866 820 2930 quo
842 2843 993 2928 supplicii
1017 2863 1136 2930 genere
1159 2845 1280 2932 dignus

264 2989 329 3032 esse
341 2965 399 3040 iste
413 2967 600 3040 videretur,
626 2986 731 3048 neque
752 2963 922 3048 interpreti
942 2964 1021 3028 fides
1041 2967 1192 3050 neganda
1214 2967 1280 3032 risa

263 3088 304 3152 sit
327 3085 362 3150 P.
388 3085 551 3150 Rutilium
577 3083 711 3165 Lupum
736 3082 922 3158 exhibenti,
948 3083 1005 3166 qui
1019 3083 1104 3148 cirea
1124 3097 1280 3167 tempora

264 3204 340 3268 belli
374 3201 565 3268 Numantini
588 3215 682 3264 natus
702 3218 748 3264 est
762 3201 790 3277 ³,
815 3220 940 3264 necesse
964 3213 1010 3264 est
1033 3201 1280 3277 existimemus,

264 3343 342 3388 eum
361 3343 445 3406 quoe
470 3320 560 3404 prius
578 3321 618 3384 de
641 3321 779 3384 deorum
802 3317 942 3383 concilio
959 3319 1160 3395 instituisset,
1185 3335 1282 3403 post-

265 3463 301 3504 es
341 3441 387 3503 sio
419 3453 559 3503 mutasse
599 3453 635 3501 ut
672 3437 809 3520 Lupus,
844 3435 997 3520 princeps
1030 3459 1193 3520 persona,
1228 3460 1280 3502 ao·

264 3561 392 3624 cederet
410 3559 460 3618 vel
487 3557 592 3638 potius
616 3556 885 3638 praemitteretur
904 3555 960 3626 iis,
984 3575 1065 3639 quos
1087 3556 1157 3638 jam
1183 3577 1281 3621 eom·

265 3691 475 3742 merrorasset
509 3689 614 3737 antea.
664 3673 749 3738 Hinc
775 3695 852 3738 sero
873 3675 952 3737 nibil
979 3673 1116 3738 efficitur
1136 3677 1176 3737 ad
1200 3695 1282 3740 cou-

266 3857 544 3870 n-—a—--v—-a

300 3975 311 4010 r
352 3975 377 4022 p.
398 3957 445 4024 ¹9⁵
484 3957 637 4022 Cs.p·do.

300 4077 313 4110 ῃ
351 4073 376 4115 p.
399 4055 503 4124 '⁶27⁸‘

302 4156 314 4205 5
352 4151 419 4218 sup.
445 4169 470 4216 p.
493 4151 553 4210 16⁴,
577 4167 625 4220 199
645 4169 706 4217 sqq.
