2860 4974
609 399 669 460 201

132 572 320 640 Horatianis
353 571 564 654 scripserunt.
610 571 794 638 Commode
823 583 935 636 autem
975 573 1044 637 tolli
1061 573 1149 638 diiii·

134 692 238 756 cultas
264 701 380 774 potest.
426 685 512 754 Nam
542 707 648 772 quum
669 689 709 752 de
729 685 862 753 Metello
879 689 1088 756 verissimum
1107 690 1150 754 sit

134 809 227 890 quod
254 807 415 881 affirmat,
438 825 499 870 nec
527 803 716 888 Scipionem
753 825 814 870 nec
838 805 988 872 Laelium
1010 827 1048 871 eo
1065 809 1151 870 laeso

134 923 299 999 doluisse,
334 923 477 988 alterum
508 923 549 986 de
579 921 675 1004 Lupo
701 923 743 986 ad
767 943 873 988 unum
895 923 1044 988 Laelium
1066 923 1151 987 refe·

135 1043 280 1106 rendum
302 1061 367 1105 esse
390 1039 550 1104 existimo.
586 1037 653 1123 Qui
676 1039 701 1104 si
726 1041 929 1106 senex'obiit
948 1053 981 1106 et
1000 1041 1058 1106 diu
1078 1038 1149 1104 Sci·

137 1159 227 1241 pioni
250 1156 432 1240 superfuit,
455 1157 541 1222 testis
565 1177 629 1222 ease
648 1157 778 1240 potuit,
802 1179 868 1242 qua
889 1158 1096 1224 vehementis
1117 1157 1152 1220 in

137 1275 391 1361 perstringendo
418 1273 516 1358 Lupo
532 1275 604 1358 jam
625 1275 736 1338 adulto
758 1295 834 1340 usus
855 1276 898 1340 sit
915 1276 1068 1340 Lucilius.
1115 1274 1154 1339 ld

138 1390 207 1474 ipse
224 1411 358 1474 quoque
379 1389 506 1455 Horatii
527 1389 627 1455 verba
649 1389 802 1454 videntur
823 1390 985 1456 indicare:
1004 1413 1083 1457 nam
1096 1391 1153 1476 qui

141 1505 304 1593 corrigere
328 1510 504 1571 voluerunt
526 1529 609 1570 num
633 1505 779 1570 Laelius
803 1517 834 1569 et
859 1511 1011 1592 quinon
1031 1507 1153 1594 eogita-

140 1637 243 1699 runt,
280 1645 357 1688 voce
387 1635 452 1688 aut
475 1623 667 1710 significasse
686 1627 842 1706 poetam,
872 1621 995 1688 Metelli
1017 1623 1154 1709 quidem

142 1741 361 1828 ignominiam
380 1741 489 1808 neutri
512 1739 732 1824 displicuisse,
757 1741 814 1808 uni
840 1761 917 1806 vero
940 1741 1049 1806 Laelio
1066 1741 1155 1825 Lupi

142 1861 358 1924 notationem.
382 1859 512 1924 Mature
530 1859 631 1944 igitur
648 1857 708 1922 iste
721 1857 828 1924 verbis
847 1860 1005 1943 factisque
1015 1880 1156 1941 pravam

143 1976 288 2042 indolem
319 1977 496 2060 prodidisse
519 1977 671 2054 videtur,
707 1998 746 2040 ac
766 1977 835 2042 sine
855 1977 959 2042 dubio
981 1977 1097 2078 deinde
1121 1978 1157 2040 in

144 2093 181 2159 iis
205 2095 294 2172 init,
317 2095 395 2180 qui,
420 2117 453 2160 se
479 2095 515 2158 in
536 2096 611 2160 soro
624 2096 804 2178 jactantes,
827 2095 885 2158 uni
907 2093 1016 2159 studio
1039 2108 1072 2159 et
1094 2095 1157 2160 arti

146 2211 247 2276 dediti
272 2225 399 2290 cuent,
433 2221 472 2278 ut
493 2225 588 2278 caute
609 2192 709 2278 ve'rbs
726 2213 861 2288 darent,
885 2225 1073 2297 pugnarent
1093 2215 1158 2277 do·

146 2333 235 2404 losa,
273 2329 434 2396 blanditii
456 2342 642 2406 certarent,
666 2329 767 2394 bonos
797 2349 830 2394 se
864 2305 1160 2396 viros'stmulsrens

147 2445 342 2532 insidiasque
360 2449 506 2514 iacerent
518 2447 544 2514 ¹.
568 2447 625 2512 His
645 2447 787 2513 artificiis
810 2469 849 2514 ac
858 2447 1066 2512 simulatione
1079 2469 1159 2532 pau-

147 2563 245 2632 latim
261 2565 296 2628 in
315 2568 501 2630 multorum
520 2565 662 2651 gratiam
681 2585 715 2630 se
738 2565 930 2641 insinuavit,
954 2578 993 2629 ut
1015 2587 1162 2631 summos

150 2681 186 2748 in
208 2681 378 2765 republica
399 2685 538 2748 honores
562 2682 795 2766 adipisceretur
828 2695 862 2746 et
898 2682 1049 2765 princeps
1071 2705 1163 2748 sena·

151 2797 205 2864 sus
238 2801 343 2866 tieret.
389 2799 570 2883 Inprimis
594 2811 706 2864 autem
735 2801 804 2882 ejus
825 2801 992 2884 impietus
1015 2813 1161 2866 notatur.

154 2913 255 2993 Cuius
287 2917 381 2994 vitii,
413 2935 482 3001 quo
511 2929 580 2982 tots
611 2919 679 2998 ejas
710 2915 777 2980 vite
811 2915 1037 2992 laboraverat,
1062 2917 1163 2982 morti

153 3033 322 3117 proximus
350 3033 474 3120 insigne
507 3037 744 3098 documentum
777 3032 887 3096 edidit.
938 3031 1024 3096 Nam
1057 3054 1164 3117 quum

155 3151 311 3234 erupisset
333 3148 449 3216 sociale
478 3151 603 3214 bellum
624 3163 723 3232 atque
748 3151 830 3212 alter
851 3151 961 3212 consul
983 3151 1088 3233 copias
1109 3153 1164 3216 ad·

156 3289 265 3334 versus
288 3266 450 3332 Samnites
470 3270 622 3341 duceret,
645 3267 712 3348 ipse
730 3286 809 3330 cum
829 3264 1027 3332 exercituin
1045 3266 1168 3334 Marsos

156 3387 320 3465 proiectus
355 3397 413 3448 est
459 3383 545 3448 Ante
573 3401 651 3448 vero
681 3401 783 3465 quam
818 3381 982 3463 proelium
1008 3384 1166 3463 iniretur,

157 3521 263 3584 quum
293 3500 434 3584 auspicia
466 3499 588 3565 consuli
620 3510 808 3581 oporteret,
832 3497 947 3564 accidit
972 3513 1008 3566 ut
1032 3501 1067 3566 in
1088 3503 1168 3567 extis

160 3634 259 3704 caput
283 3620 434 3704 jecinoris
462 3641 529 3683 non
558 3591 770 3683 inveniretur.
828 3617 955 3682 Verum
993 3623 1081 3683 mulo
1115 3619 1168 3683 ille

161 3736 269 3800 omine
284 3737 366 3801 nihil
388 3759 407 3802 a
428 3734 607 3820 proeliandi
628 3733 794 3818 proposito
811 3733 1018 3808 absterritus,
1041 3746 1168 3817 spretae

118 3877 122 3884 ·
163 3852 326 3939 religionis
357 3867 391 3918 et
421 3853 611 3919 temeritatis
640 3864 746 3917 morte
777 3872 895 3933 poenas
918 3851 988 3917 luit.
1035 3850 1167 3918 Etenim

161 4029 437 4045 -α--ι-

197 4119 208 4156 ι
247 4103 315 4170 sup.
334 4122 361 4168 p.
379 4105 424 4174 74.
