2860 4974
775 352 836 416 160

300 531 352 598 Ab
368 534 415 596 bis
433 531 546 596 veteris
565 531 749 594 comoediae
767 529 967 614 principibus
985 531 1125 613 pendere
1138 527 1304 592 Lucilium

297 672 414 736 eosque
440 661 588 714 secutum
623 669 687 711 esse
708 650 858 724 tradens,
880 650 1022 712 declarat
1039 648 1125 710 idem
1144 667 1220 710 eum
1243 645 1305 708 sibi

295 769 495 853 proposuisse
510 766 702 841 scribendo,
722 769 811 850 quod
827 767 906 830 olinr
930 767 989 830 illis
1010 765 1190 848 placuisset.
1214 763 1305 828 Om-

293 908 370 952 nem
393 885 438 948 illi
460 905 592 946 morum
618 883 828 964 publicorum
852 883 960 946 labem
980 897 1013 946 et
1025 882 1302 965 depravationem,

294 1003 463 1066 illiberalia
490 1015 589 1084 atque
615 1000 785 1064 inhonesta
801 1001 1010 1083 popularium
1037 1001 1162 1076 studia,
1186 1019 1303 1082 pravas

292 1120 553 1195 coruuetudines,
578 1131 685 1182 cetera
709 1118 783 1182 sitis
802 1119 915 1182 omnia
937 1118 1302 1201 antiquaerirtaticon·

290 1237 392 1302 traria
412 1239 621 1300 vehementer
638 1233 746 1308 exosi,
781 1236 934 1298 audacter
957 1233 1018 1310 iis,
1040 1233 1096 1317 qui
1119 1232 1168 1296 liis
1190 1233 1299 1296 insecti

291 1355 374 1419 vitiis
405 1351 593 1439 gravissima
626 1349 747 1414 civitati
780 1353 869 1414 mala
902 1351 1131 1426 minabantur,
1153 1350 1302 1414 resistere

289 1469 396 1535 conati
414 1472 567 1542 suerent,
585 1487 692 1549 neque
714 1489 826 1531 amara
843 1480 973 1532 tanturn
992 1470 1047 1531 sed
1066 1469 1166 1531 etiam
1192 1466 1299 1549 lepida

289 1587 467 1669 festivaque
500 1583 659 1647 derisione
689 1587 835 1647 scelestos
871 1605 909 1648 ac
931 1583 1125 1648 facinorosos
1147 1584 1231 1648 cites
1252 1584 1295 1646 ri·

287 1703 388 1769 dicnli
409 1702 517 1785 specle
537 1713 637 1764 tactos
654 1715 686 1764 et
707 1701 864 1778 obrutos,
888 1725 928 1766 ac
947 1705 1071 1784 pudore
1096 1705 1234 1766 sullbsos
1257 1704 1296 1765 ad

287 1823 457 1886 meliorem
479 1823 610 1906 frugem
625 1820 778 1904 vitaeque
800 1822 1001 1884 honestatem
1025 1821 1296 1885 revocandosesse

285 1952 486 2004 censuerant.
544 1937 671 2001 Horum
709 1938 810 2023 igitur
841 1940 992 2018 exemplo
1019 1941 1120 2000 fretus
1153 1935 1296 2000 Lucilius

282 2079 359 2123 snae
391 2057 503 2121 aetatis
540 2055 719 2119 commodis
750 2053 933 2138 prospicere
954 2065 987 2116 et
1011 2053 1135 2116 mederi
1159 2073 1293 2116 morum

283 2175 493 2258 corruptelae.
512 2171 674 2238 studebat.
720 2173 768 2235 Ac
798 2172 1031 2253 tempestivum
1063 2170 1199 2254 quidem
1234 2172 1295 2233 boc

282 2293 351 2374 ejas
363 2289 533 2354 consilinm
546 2289 642 2352 subse
655 2331 665 2363 ,
689 2286 833 2352 conditio
846 2286 982 2350 civitatis
1001 2285 1169 2351 Romanae
1182 2331 1191 2360 ‚
1215 2307 1294 2369 qua·

281 2411 348 2470 lem
359 2405 470 2488 paucis
481 2405 762 2479 adumbravimus,
776 2403 906 2468 abunde
931 2402 1082 2484 probat¹.
1111 2399 1294 2487 Praegnans

281 2535 351 2588 erat
380 2535 465 2585 aetas
494 2521 571 2596 illa,
605 2543 671 2603 qna
699 2519 835 2594 floruit,
869 2519 1092 2583 maximorum
1115 2518 1293 2594 vitiorum3

280 2643 401 2704 borum
431 2639 553 2721 partim
585 2638 708 2702 semina
734 2637 902 2712 latebant,
934 2635 1057 2719 partim
1085 2637 1294 2718 pullulabant

278 2761 347 2842 jam
392 2771 425 2820 et
456 2756 598 2838 dispersa
634 2754 730 2818 latius
767 2753 974 2830 crescebant;
1007 2753 1089 2828 alie,
1131 2754 1293 2818 maturius

278 2878 425 2946 invecta,
463 2870 585 2936 diutius
612 2871 874 2934 inveteraverant
898 2891 935 2934 ac
964 2869 1155 2955 regnabant.
1186 2869 1293 2935 .llaec

278 2993 389 3057 omnia
418 3014 438 3056 a
469 3009 573 3074 puero
606 2989 682 3050 inde
704 2987 848 3052 Lucilius
871 2986 905 3050 in
925 2984 1083 3068 Scipionis
1100 2987 1212 3051 caetris
1238 3008 1293 3051 oc·

278 3115 365 3174 cnlte
396 3107 577 3173 oborientia
607 3105 753 3179 viderat,
787 3117 886 3187 atque
910 3102 1095 3188 indignatus
1117 3123 1292 3188 generosus

278 3229 478 3301 adolescens,
512 3245 595 3308 quae
624 3223 773 3298 viderat,
806 3221 951 3285 andierat
975 3224 1137 3305 pleneque
1159 3241 1291 3304 perspe-

277 3355 386 3418 xerat,
404 3340 548 3427 graviter
566 3340 785 3425 perstringere
796 3351 828 3402 et
840 3340 1004 3401 denudare
1018 3339 1167 3402 instituit.
1192 3337 1290 3402 Haud

277 3460 367 3525 aliud
395 3457 494 3544 igitur
525 3457 685 3521 scribendi
710 3455 880 3522 cmrsiliuru
902 3455 981 3532 lnit;
1016 3454 1072 3518 bic
1097 3457 1193 3529 fons,
1211 3459 1291 3519 haec

277 3576 437 3650 materia,
455 3595 540 3658 quae
556 3574 760 3637 haurientem
774 3574 913 3636 delicere
934 3591 1001 3636 non
1025 3586 1175 3654 poterat,
1187 3593 1287 3655 quae-

276 3717 341 3780 que
376 3715 440 3757 nna
473 3690 616 3755 maxime
644 3693 759 3753 decora
784 3704 853 3753 erat
888 3704 986 3772 atque
1019 3691 1289 3766 accommodata,

278 3815 311 3876 in
341 3805 550 3895 qna-ingenii
581 3807 747 3870 facultates
772 3805 875 3870 libere
901 3806 1151 3888 periclitaretur.
1200 3809 1292 3891 Age·

276 3987 554 4002 --...—--.—

310 4113 322 4152 ¹
362 4111 388 4161 l·
409 4111 441 4162 7⁰
462 4109 522 4162 ⁸‘l‘b
