2888 4972
598 521 663 585 289

160 697 310 767 Primum
338 701 437 788 igitur
460 701 523 764 lroc
543 701 738 765 instauratae
763 700 913 784 publicae
937 702 1132 766 maledicen⁴

121 823 182 886 tiae
206 823 396 904 exemplum
420 819 454 882 in
483 817 604 885 Naevio
621 820 716 885 nobis
740 829 908 884 servatum
930 833 988 884 est,
1033 817 1131 904 Quod

119 961 192 1004 sano
215 938 375 1024 ejusmodi
388 939 483 1003 luisse
496 940 696 1003 censendum
709 951 777 1015 est,
801 950 839 1002 ut
853 957 1051 1024 magnopere
1064 939 1132 1002 dis·

123 1057 339 1144 crepueritab
357 1057 464 1134 Ennii,
486 1079 586 1143 quam
598 1079 698 1142 supra
715 1059 981 1134 memoravimus,
1006 1058 1133 1122 ratione

118 1191 150 1242 st
172 1179 315 1244 consilio.
338 1175 452 1262 Neque
464 1177 552 1240 enim
566 1173 620 1240 bic
639 1177 817 1264 singulares
840 1177 987 1242 homines
1005 1177 1133 1260 petiisse

119 1298 221 1363 satiris
243 1297 390 1374 videtur,
414 1299 470 1361 sed
493 1297 558 1379 ipse
581 1293 735 1362 indicasse
758 1299 848 1382 quod
874 1295 997 1372 voluit,
1023 1319 1129 1382 quum

118 1415 293 1493 scriberet,
306 1437 338 1481 se
352 1416 544 1481 mortalibus
553 1418 722 1482 flammeos
734 1437 843 1482 sersus
855 1417 1044 1481 medullitus
1054 1439 1131 1500 pro·

120 1536 253 1620 pinasse.
277 1534 393 1619 ltaque
411 1534 585 1598 bominum
597 1555 699 1621 genus
713 1534 901 1600 universum
920 1535 1028 1622 tetigit
1041 1577 1050 1612 ,
1063 1537 1133 1620 eJ'us

120 1675 228 1718 mores
251 1653 377 1737 ineptos
398 1666 580 1738 autpravos
593 1699 603 1732 ,
617 1675 683 1718 non
696 1655 782 1719 sacto
794 1653 979 1719 discrimine
993 1699 1002 1732 ,
1015 1667 1130 1718 utrum

123 1772 218 1858 plebs
240 1793 281 1836 an
305 1771 556 1856 patres,divites
569 1793 611 1837 an
623 1791 782 1857 pauperes
795 1773 831 1837 iis
844 1773 1049 1850 laborarent,
1071 1777 1128 1838 ded

118 1891 244 1975 scripsit
256 1903 289 1954 et
301 1891 530 1956 adumbravit:
555 1913 663 1976 neque
682 1913 720 1956 eo
742 1892 892 1956 audaciae
905 1893 1069 1976 prorupit,
1083 1907 1131 1969 ut,

118 2009 355 2094 quodimpune
376 2010 410 2072 in
433 2009 562 2076 civitate
575 2009 1132 2096 RomananonlicereNaeviisup-

119 2127 216 2212 plieio
237 2127 450 2204 constitisset,
475 2129 619 2212 ejusdem
641 2143 699 2194 aut
710 2128 866 2215 gravioris
879 2129 1028 2212 supplicii
1041 2129 1133 2214 peri-

119 2251 192 2311 culo
227 2255 379 2312 tentaret.
424 2246 548 2311 Eadem
573 2269 705 2333 quoque
724 2269 817 2313 causa
838 2249 920 2325 fuit,
944 2270 1003 2314 cur
1026 2248 1133 2313 Pacu·

119 2367 208 2440 sius,
244 2387 345 2450 quem
369 2367 437 2432 sine
469 2388 563 2432 causa
597 2367 769 2432 Diomedes
799 2381 875 2432 ante
899 2367 1044 2432 Ennium
1068 2389 1133 2452 po·

117 2485 183 2548 suit
204 2513 252 2533 ⁴—-
273 2485 364 2570 cujus
398 2507 437 2549 ex
469 2507 580 2551 sorore
615 2509 715 2570 nepos
746 2487 888 2552 traditur
909 2487 1006 2552 fuisse
1030 2519 1076 2537 -1
1098 2487 1132 2550 in

118 2599 285 2666 Ennianus
307 2603 423 2668 satirae
455 2624 574 2690 genere
603 2606 840 2690 acquiesceret,
863 2627 922 2670 nec
949 2606 1132 2691 quidquam

118 2722 195 2785 novi
229 2735 287 2786 aut
310 2720 440 2787 Graecis
464 2721 609 2786 inusitati
633 2726 796 2807 proferret
811 2722 837 2788 ¹.

161 2833 287 2926 integri
304 2839 402 2904 seculi
419 2839 535 2923 spatio,
545 2844 634 2926 quod
645 2839 732 2906 iuter
745 2839 855 2907 Naevii
873 2855 905 2906 et
918 2842 1035 2908 Lucilii
1049 2854 1133 2909 tem-

117 2979 199 3046 pora
216 2959 417 3035 intercessit,
438 2973 601 3044 quantum
622 2960 851 3025 Romanorum
870 2961 1000 3049 ingenia
1020 2985 1135 3028 creve-

116 3080 208 3154 rint,
243 3094 366 3163 quanta
397 3099 464 3142 non
497 3081 604 3143 solum
639 3082 680 3144 ad
713 3080 878 3146 doctrinae
913 3083 1043 3145 laudem
1078 3084 1134 3147 sed

115 3199 217 3264 etiam
250 3201 291 3262 ad
317 3198 529 3263 humanitatis
551 3199 872 3265 commendationem
895 3201 1029 3265 secessio
1049 3204 1135 3268 facta

114 3318 175 3394 sit,
200 3316 288 3380 idem
312 3313 483 3393 Horatius,
507 3316 564 3402 qui
581 3319 674 3382 nobis
693 3319 726 3382 in
750 3321 920 3383 enodanda
942 3320 1056 3385 satirae
1069 3321 1134 3386 ori-

115 3438 195 3524 gine
212 3437 279 3499 dux
298 3435 381 3512 tuis,
405 3435 493 3499 testis
515 3449 581 3500 est:

161 3551 315 3619 Graecia
330 3565 434 3641 capta
445 3553 570 3641 serum
586 3559 752 3621 viatorem
774 3559 864 3643 cepit
890 3570 920 3622 st
944 3571 1039 3624 artes

160 3673 299 3739 Issatis
324 3676 462 3764 agresti
483 3673 614 3739 Latio:
637 3678 690 3739 sia
714 3675 882 3743 horridus
907 3677 970 3742 tlte

157 3791 323 3882 Dsflaait
343 3815 508 3859 numerus
524 3791 743 3871 Saturnius,
770 3809 801 3862 st
821 3820 932 3888 grave
955 3799 1054 3862 virus

160 3911 366 3978 Munditias
383 3914 570 4002 pepuisrs3

115 4030 364 4108 addidissem,
397 4031 534 4118 nequis
563 4033 827 4098 inconsideratius
850 4055 1036 4123 progressus
1061 4059 1136 4100 ma·

112 4153 224 4235 jures,
249 4171 349 4235 quam
371 4171 482 4235 reapse
506 4151 658 4229 luissent,
682 4151 903 4218 existimaret:

155 4335 166 4370 ι
206 4316 277 4386 Sap.
292 4337 319 4386 p.
339 4321 400 4390 278.

613 4451 654 4512 19
