2860 4974
604 439 666 500 133

13 577 14 630 i
125 621 237 694 decet,
259 615 435 700 ucripsm
449 619 625 691 teruntur,
647 614 997 699 ususipssconbrmat.
1022 617 1136 682 Idem·

126 759 189 824 que
218 734 370 802 obtinere
399 733 515 800 debuit
549 732 674 800 Horatii
707 747 820 800 aetate.
866 732 952 799 Nam
975 737 1032 821 qui
1058 757 1135 800 eum

124 868 230 921 sueto
266 866 507 939 praecesserant
534 859 672 938 poetae,
696 852 850 930 Plautus,
873 853 1048 929 Pacuvius,
1072 855 1134 920 Te-

124 973 267 1050 rentius,
298 973 435 1049 Accius,
468 971 504 1036 in
526 972 639 1056 primis
663 993 739 1038 vero
761 973 969 1038 recentissimi
993 973 1136 1038 Lucilius

124 1107 160 1158 et
188 1091 382 1167 Lumetius,
418 1089 573 1156 Romanis
603 1090 816 1174 acceptissimi
836 1094 980 1157 fuerunt.
1027 1090 1137 1156 Hosa

124 1208 233 1294 prieris
265 1209 437 1285 admirati,
468 1210 528 1274 hos
557 1210 691 1294 juvenes
725 1231 763 1274 ac
794 1209 875 1287 viri,
911 1211 1034 1297 quippe
1055 1231 1136 1296 quos

123 1331 209 1403 soh·
227 1335 468 1415 cognoverant,
491 1328 633 1412 amplexi
657 1342 769 1405 erant,
791 1328 827 1393 in
845 1329 894 1394 his
916 1330 1058 1416 legendis
1068 1351 1137 1394 me-

126 1447 332 1533 ditandisqw
371 1446 641 1514 consenescebant
671 1446 797 1513 Horatii
834 1451 993 1534 aequales.
1037 1447 1138 1516 Vele-

125 1566 181 1632 bat
198 1579 336 1650 patrm
351 1567 525 1632 auctoritas
542 1566 598 1632 diu
620 1570 708 1650 apud
728 1567 936 1644 liberos‚nec
947 1569 997 1644 hi,
1020 1590 1137 1654 quam-

126 1687 172 1750 ὴ
182 1685 648 1769 'pulcrioreietcmendstiorn
661 1686 775 1763 nacti,
798 1707 953 1770 respuere
970 1707 1059 1772 qnae
1078 1688 1138 1752 illis

126 1805 342 1886 pheneum,
365 1803 540 1870 audebant.
586 1804 700 1890 quue
725 1807 851 1870 fervere
878 1806 989 1892 magis·
999 1828 1037 1871 ea
1053 1807 1140 1890 pris·

128 1923 187 1992 tissi
219 1923 293 1988 aeri
309 1899 488 1988 vveneratio
518 1921 654 2000 debuit,
685 1945 753 2008 quc
778 1924 849 1989 illos
876 1925 1006 2012 gravius
1031 1927 1139 1994 bomi-

128 2063 233 2118 num,
269 2041 408 2107 meliora
433 2042 702 2127 anquirentium,
724 2042 859 2129 gliscens
882 2043 917 2107 in
935 2043 1000 2110 dies
1022 2065 1140 2108 aemu-

130 2162 209 2228 latio
242 2175 277 2228 et
304 2159 452 2226 studium
485 2161 690 2237 offendebat,
723 2181 856 2260 quoque
888 2161 1042 2248 insignius
1067 2177 1137 2228 emt

131 2279 224 2364 insen,
241 2293 351 2346 vetars
376 2280 430 2345 illa
451 2293 485 2346 et
502 2301 588 2346 nova
599 2279 787 2346 discrimen.
834 2277 935 2346 Cessit
958 2301 1037 2346 vero
1050 2303 1139 2366 pau*

130 2400 221 2466 lst'nn
255 2398 353 2464 sensti
377 2399 493 2485 judicii
511 2399 601 2464 istius
620 2399 792 2484 iniquitas:
817 2399 924 2466 rarius
949 2403 1075 2466 fuctum
1093 2415 1141 2466 est

128 2536 231 2605 germ
250 2539 396 2595 eorum,
418 2517 475 2603 qui
501 2518 536 2582 in
560 2518 688 2584 Lucilio
708 2518 927 2604 Lucretioque
942 2539 1038 2586 verae
1058 2528 1139 2604 poc-

129 2636 421 2724 sens-imaginem,
449 2637 578 2724 linguae
601 2637 736 2702 Latinae
751 2659 938 2722 expressum
948 2643 1140 2723 exemplum

131 2755 356 2823 intuebantur.
389 2752 443 2820 Sic
466 2755 734 2842 exstinguebatur
753 2756 856 2833 illud,
881 2758 970 2843 quod
993 2758 1141 2845 viguerat

131 2873 233 2952 clim,
258 2860 422 2980 vetbstatis
440 2874 599 2939 studium.

154 2995 324 3060 ‚sltem
354 3013 485 3061 cauum
513 2992 576 3058 sibi
596 3013 674 3059 cum
695 2993 1032 3064 Wiclandcinscnire
1053 2996 1139 3060 visus

131 3121 191 3178 at>
211 3110 330 3177 Masso
358 3111 396 3179 in
425 3111 653 3178 &smmum
683 3113 824 3180 basilis·
839 3113 1138 3180 commendatione.

132 3229 261 3302 Extulit
275 3229 330 3294 ille
341 3241 375 3295 et
384 3229 579 3309 celebravit,
598 3234 640 3296 ad
651 3231 785 3296 Paetum
805 3233 958 3309 scribens,
979 3253 1142 3299 vernacu-

126 3337 199 3416 lam
211 3349 306 3414 illam
316 3349 536 3428 festiuutem,
557 3371 707 3435 saporem
723 3352 818 3416 illum
832 3352 1067 3429 vernaculum,
1089 3375 1143 3419 vo·

134 3482 216 3536 teres
227 3469 307 3534 ¹illos
319 3468 485 3536 Romanos
503 3472 601 3547 sales,
626 3489 707 3554 quos
719 3471 937 3555 corrupissent
951 3486 985 3538 et
1001 3473 1139 3538 absum·

132 3588 242 3656 seem
266 3587 610 3676 braccataegentes1.
656 3587 784 3654 Harum
811 3589 973 3658 virtutum
988 3593 1143 3657 desideri-

133 3727 209 3783 um,
245 3708 336 3792 quod
371 3704 519 3773 Ciceroni
540 3729 640 3794 grave
663 3721 697 3772 et
717 3708 875 3774 acerbum
899 3713 1027 3786 fuerat,
1045 3713 1142 3775 dura-

136 3825 212 3890 visse
244 3837 279 3890 et
310 3825 432 3891 radices
463 3826 561 3914 egisse
586 3828 674 3911 apud
705 3841 848 3911 posteros
879 3829 1051 3894 verisimile
1082 3841 1141 3895 est.

136 3941 261 4028 Quibus
273 3945 335 4009 alia
347 3945 506 4012 accessisse
514 3947 601 4013 haud
613 3948 902 4033 praetermittenda
914 3961 1001 4015 recte
1013 3970 1146 4016 censue·

177 4245 187 4279 1
225 4227 293 4300 Sop.
312 4249 340 4300 p.
359 4231 404 4298 8⁵,
424 4250 468 4303 9¹·
