2860 4974
644 295 702 354 151

152 469 211 534 des
234 467 408 548 Lucilienis
439 469 661 534 conferentem
681 467 840 543 vidimus3
877 471 963 536 unde
982 471 1056 536 sotis
1079 471 1173 534 intel-

154 585 289 672 ligitur,
311 586 341 650 ei
361 587 450 650 houd
470 587 595 672 ignotas
612 586 707 670 hujus
726 586 839 650 satiras
858 587 971 658 sitisse,
995 609 1095 672 quem
1120 611 1171 652 ue-

157 705 305 768 mulotus
327 704 407 768 adeo
430 704 515 768 est1.
539 701 608 766 Hac
631 703 732 788 igitur
752 703 843 767 omni
867 716 970 768 aetate
991 704 1067 769 satis
1084 719 1174 770 certo

159 821 317 886 affirmari
348 834 476 903 potest,
510 819 629 886 Lucilii
653 821 766 903 poe'sin
799 833 923 886 exstare
951 844 1017 886 non
1039 822 1176 890 desiisse.

162 937 344 1022 Scriptores
356 951 490 1014 sutem,
515 959 596 1022 quos
612 938 891 1016 memoravimus,
909 953 1051 1025 quatuor
1062 941 1177 1023 primis

163 1079 184 1122 e
201 1055 266 1122 Ch.
285 1056 399 1122 seculis
419 1057 612 1122 floruerunt.
637 1054 746 1122 Securi
766 1070 842 1120 sunt
862 1077 913 1122 eos
925 1058 1132 1144 grammatici
1146 1073 1179 1122 ct

163 1175 329 1250 rhetores,
348 1175 540 1258 inquorum
551 1172 677 1259 scriptis
689 1175 834 1240 maxima
846 1178 1073 1258 exemplorum
1085 1177 1179 1260 copis

165 1304 200 1356 et
229 1289 367 1356 varietus
387 1313 405 1356 e
425 1291 553 1370 Lucilio
577 1295 750 1375 depromta
771 1306 828 1358 est.
873 1291 941 1358 Neo
960 1309 1072 1360 temen
1094 1295 1180 1380 quis-

165 1429 271 1494 quam
304 1429 419 1474 eorum
456 1409 572 1475 diserte
598 1431 739 1495 usquam
759 1411 918 1488 ostendit,
942 1414 1011 1497 ejus
1034 1414 1181 1478 carmina

167 1529 219 1612 rel
247 1527 369 1610 purtim
406 1529 459 1591 vel
482 1527 609 1613 integro
634 1550 693 1593 sue
713 1541 817 1594 aetate
836 1548 1009 1614 superesse.
1054 1530 1181 1596 Verum

167 1644 352 1719 rationem,
382 1664 449 1729 qua
481 1665 590 1710 versus
620 1659 655 1710 et
692 1647 849 1712 vocabula
884 1654 1000 1730 poe'toe
1027 1651 1180 1725 laudent,

168 1761 425 1838 considerantes,
468 1761 560 1828 facile
599 1763 692 1830 nobis
726 1767 980 1846 persuademus,
1014 1768 1182 1854 integrum

170 1899 252 1964 opus
272 1900 325 1943 eos
351 1881 543 1963 excerpendi
564 1879 660 1946 causti
684 1880 807 1946 adiisse.
853 1881 951 1968 Quod
975 1887 1123 1966 quamvis
1145 1888 1184 1950 de

171 2010 340 2082 postremo
371 2019 488 2063 eorum
516 1995 694 2073 Isidoro,
734 2000 791 2083 qui
815 1997 947 2066 decessit
969 2023 998 2062 a.
1022 2003 1109 2078 636,
1133 2005 1186 2066 of-

171 2117 301 2182 firmari
317 2137 384 2180 non
403 2117 521 2200 possit,
543 2119 678 2202 quinon
691 2117 751 2182 nisi
763 2140 895 2201 perraro
914 2118 1031 2192 Lucilii
1043 2120 1189 2184 mentio·

172 2255 250 2300 nem
276 2232 392 2308 reciet,
415 2246 527 2300 tamen
546 2237 585 2300 de
607 2235 811 2302 Prisciauo
832 2236 964 2320 aliisque
978 2241 1071 2301 valet.
1097 2238 1188 2304 Tan·

178 2445 458 2456 --—--—--—-a-

212 2595 225 2629 1
265 2575 335 2643 sup.
353 2595 382 2644 p.
406 2577 469 2639 115,
488 2595 549 2650 ¹²9·

211 2691 227 2726 2
264 2671 339 2725 Locs
358 2673 424 2726 lisec
442 2675 634 2728 inveniuntur:
657 2679 737 2748 Orig.
756 2678 781 2741 Ι,
794 2679 839 2744 52,
853 2679 880 2732 5.
900 2679 983 2732 Fiunt
999 2681 1151 2736 soloecismi
1164 2691 1191 2734 cl

178 2769 304 2835 ploriuu'r
330 2770 428 2822 modis.
466 2769 537 2824 Nom
562 2771 688 2826 Lucilius
714 2780 823 2828 centum
846 2795 942 2844 gessem
968 2778 1190 2832 soloecismorum

178 2867 250 2920 dixit
269 2867 337 2937 (inc.
356 2868 391 2920 lr.
411 2875 488 2936 παι).
508 2897 542 2910 -
560 2869 587 2934 Ι,
603 2869 649 2932 35,
665 2871 695 2928 5.,
727 2870 842 2940 Zeugma
860 2899 893 2916 -
912 2875 946 2926 tit
961 2876 988 2924 in
1008 2877 1114 2941 primo,
1141 2885 1189 2927 ut:

182 2966 320 3017 Vertitur
338 2965 506 3034 oenophoris
517 2967 643 3036 fundu-r,
660 2971 805 3022 sententia
827 2971 906 3022 nobis
925 2973 1032 3039 (fragm.
1053 2973 1111 3034 ΙΙΙ,
1132 2975 1190 3044 29).

180 3061 211 3114 ln
228 3060 343 3124 medio,
364 3068 408 3113 ul:
444 3064 565 3115 Graecia
586 3065 715 3134 Sulpicio
741 3076 818 3118 sorte
846 3069 938 3132 due,
972 3069 1070 3122 cattia
1091 3075 1193 3123 Cottae

178 3158 251 3226 (inc.
269 3158 308 3208 l'r.
327 3158 446 3227 188).-
459 3158 538 3228 (XX,
557 3161 586 3220 6.
606 3175 630 3213 t.
660 3160 858 3230 oenophorum
876 3181 922 3214 var
937 3165 1029 3215 serens
1047 3166 1139 3220 sinum
1157 3195 1192 3210 ·-

179 3254 213 3306 de
236 3273 294 3324 quo
317 3262 359 3306 est
375 3254 466 3308 illud:
503 3259 637 3310 Vertitur
654 3259 823 3328 oenophoris
829 3261 959 3330 surdus,
975 3267 1118 3316 sententia
1139 3283 1194 3316 uos·

176 3352 245 3420 bisi·
263 3375 303 3394 ¹-
322 3351 391 3416 XV,
410 3353 449 3418 8,
468 3353 495 3407 6.
532 3351 686 3422 Laquesrio
705 3362 790 3419 sunl,
811 3373 881 3424 quse
898 3375 1030 3414 ermerrrn
1048 3363 1195 3429 sublegunt

177 3455 206 3500 et
223 3455 346 3514 omns,
372 3465 441 3517 quoe
458 3456 487 3501 et
504 3449 640 3502 licunsris
658 3450 796 3504 dicuntur.
832 3451 1027 3522 Principsliter
1044 3465 1135 3511 sutem
1151 3460 1197 3508 ls-

178 3561 228 3600 cus
237 3543 353 3608 dicitur,
373 3551 404 3596 ul
420 3544 524 3598 Lucius
536 3545 569 3613 (Ι.
581 3545 732 3616 Lucilius:
744 3549 901 3602 dissultant
911 3555 1050 3624 aedesque
1061 3555 1197 3626 locusque

181 3642 251 3710 (ine.
276 3641 316 3694 fr.
333 3641 409 3711 139).
428 3641 473 3696 (ΙΙ.
498 3641 595 3707 XIX,
614 3659 657 3699 ιι.
677 3677 705 3688 -
733 3644 805 3698 ΙΙΙΙΙ
821 3679 831 3708 ,
849 3648 887 3710 4,
908 3664 952 3702 ιο.
985 3650 1196 3717 Cslsprorstcs,

181 3737 252 3789 lines
281 3755 344 3792 enm
360 3755 445 3792 msssr
463 3737 612 3807 plumbeo,
636 3759 688 3810 qus
706 3744 789 3796 muris
805 3743 925 3797 altitudo
944 3753 1072 3801 tentator.
1109 3749 1200 3804 lauci-

183 3835 254 3886 lins:
287 3840 352 3889 Huc
378 3845 589 3906 c-atapreratem
614 3859 686 3910 puer
711 3842 805 3893 eodem
828 3842 938 3912 deserat
957 3854 1073 3896 unctum
1091 3871 1129 3889 ι-
1152 3849 1205 3909 lle.

183 3933 238 3985 inc.
269 3935 324 4002 ιι).
344 3959 376 3973 -·
395 3935 489 3998 XIX,
510 3955 547 4004 7,
568 3957 596 3992 2·
627 3937 737 3990 Murcus
763 3938 876 3990 mulleos
899 3941 985 4007 rusjor
1002 3941 1199 3998 -lllrrculos

186 4029 296 4082 mallens
325 4029 451 4096 pusillus.
487 4031 630 4085 Lucilius:
652 4037 691 4088 Et
712 4036 788 4087 velut
806 4035 991 4101 insrsbrirom
1002 4044 1119 4108 serr-cres
1137 4061 1196 4092 essm
