2894 4986
767 333 809 396 96

298 513 381 602 gulia
393 509 546 576 orationis
560 509 733 574 uirtutibua
747 509 822 574 uitia
834 523 949 596 agitata
961 521 1037 575 aurat
1054 509 1124 593 pari
1141 525 1297 580 numero,

297 651 381 716 quac
419 649 532 694 aarum
564 629 700 694 modum
742 639 776 695 ct
809 627 957 692 habiturn
978 626 1180 692 simulachris
1214 623 1298 690 lalaia

296 750 529 815 anaantiuntur.
574 745 627 813 Sic
666 749 859 832 plerumque
881 747 1022 837 eafflati
1043 759 1140 832 atque
1164 739 1299 810 tumidi

295 867 413 932 fallunt
435 884 496 951 pro
518 865 694 942 uberibua,
724 865 934 952 squallentes
955 877 988 930 et
999 865 1126 954 jejuni
1146 862 1223 928 dicti
1237 882 1299 946 pro

295 984 490 1073 gracilibus,
513 985 641 1048 incerti
662 995 695 1048 ct
713 982 875 1073 ambigui
886 1004 946 1068 pro
963 982 1189 1048 mediocribus.
1210 979 1299 1048 Vera

292 1116 405 1168 nutem
436 1115 470 1168 et
490 1101 622 1187 propria
641 1101 863 1188 hujuacemodi
880 1103 1065 1168 formarum
1093 1102 1242 1185 exempla
1262 1097 1299 1164 in

294 1221 412 1288 Latina
447 1221 559 1308 lingua
594 1218 641 1286 M.
663 1218 770 1287 Varro
786 1241 851 1286 carc
869 1219 947 1285 dicit
970 1217 1143 1285 ubertatis
1163 1217 1297 1283 Pacuvi-

296 1361 377 1417 um,
405 1337 634 1428 gracilitatis
671 1336 857 1415 Lucilium,
891 1337 1146 1404 mediocritatis
1175 1335 1298 1402 Teran-

294 1457 381 1524 tium
394 1453 447 1523 ¹.»
470 1453 650 1534 Videmus,
673 1455 856 1541 principem
879 1459 989 1524 locum
1005 1458 1039 1522 in
1049 1455 1203 1544 singulari
1215 1459 1300 1540 poif

293 1595 360 1642 ecoe
388 1578 496 1641 forma
521 1573 646 1642 Lucilio
676 1596 696 1640 a
716 1573 864 1640 Varrone
886 1573 1050 1641 tributum
1072 1595 1157 1654 ccac;
1187 1576 1297 1651 unda,

292 1705 450 1782 quantam
480 1691 535 1758 ille
567 1691 750 1758 doctiaaimo
767 1692 837 1758 viro
863 1691 1004 1759 moverit
1023 1691 1297 1770 admirationem,

292 1810 427 1902 cogitari
448 1824 563 1897 potcat.
587 1811 755 1878 Gracilitae
772 1825 882 1878 autem
904 1834 964 1889 aa,
982 1813 1073 1899 cujac
1091 1833 1206 1879 verum
1218 1833 1298 1898 pro·

288 1927 466 2016 prinmqua
497 1931 685 2014 exemplum
717 1927 859 1996 Luciliuo
882 1928 1106 2007 existimatur,
1129 1943 1296 1996 venustate

290 2063 324 2115 ct
357 2047 557 2124 subtilitate,
589 2045 695 2112 Gellio
719 2046 849 2133 judice,
874 2059 1009 2114 constat.
1053 2047 1200 2114 Eandem
1224 2044 1296 2112 Ma·

290 2171 383 2233 nelao
412 2166 455 2231 ab
488 2163 648 2243 Homero,
674 2163 818 2232 Critolao
846 2163 1058 2252 Peripatetico
1085 2163 1156 2232 er.
1169 2164 1295 2231 Rutilio

289 2287 379 2352 Rufo
398 2296 431 2352 ct
452 2281 588 2371 Polybio
600 2281 761 2349 tributam
783 2305 927 2360 amram,
949 2283 1184 2371 interpretatur
1209 2309 1227 2350 a
1241 2305 1294 2348 co-

289 2403 442 2469 atticam
475 2401 601 2466 dicendi
633 2421 765 2488 genua»
797 2415 852 2475 et,
883 2403 939 2489 qui
971 2406 1062 2468 rcita
1099 2416 1132 2468 at
1167 2405 1293 2468 teretia

288 2519 398 2614 dicat,
431 2518 586 2607 gracilem
613 2518 738 2586 haberi.
782 2517 940 2587 Similiter
972 2521 1191 2608 Quintilianus
1225 2520 1294 2608 Ly·

287 2641 421 2704 riacani
450 2636 698 2726 gracilitatem
720 2638 908 2724 loquitur²,
944 2639 1087 2727 quidque
1111 2639 1150 2706 ed
1172 2639 1294 2706 intolli-

290 2769 349 2846 gat
381 2754 507 2840 aperit,
525 2754 581 2820 ubi
602 2776 816 2824 «termonem
838 2777 962 2842 purum
982 2771 1015 2824 ct
1036 2757 1119 2824 nihil
1139 2780 1172 2824 aa
1194 2780 1294 2844 cupra

287 2877 425 2942 modum
445 2875 686 2939 extollentem»
708 2874 841 2959 exponit
852 2873 881 2943 ³.
913 2876 1005 2942 ldcm
1030 2875 1129 2943 etiam
1148 2879 1289 2957 docent,

284 3015 354 3080 quo
382 2996 488 3058 valcat
504 2990 622 3075 triplex
643 2991 769 3057 dicandi
791 3014 909 3080 genua,
928 2997 1016 3080 quod
1033 3010 1291 3074 memoraverat,

286 3109 427 3176 docendi
461 3108 604 3175 officium
635 3109 746 3198 gracili
775 3111 841 3176 aiva
872 3109 984 3176 subtili
1003 3112 1114 3200 generi
1133 3113 1291 3190 vindicat,

286 3251 326 3295 ac
355 3229 528 3313 praecipue
556 3231 713 3294 acumine
744 3229 825 3296 illud
851 3251 870 3295 a
896 3231 1008 3298 caterio
1032 3233 1158 3298 duobus
1178 3233 1290 3300 dietin-

286 3345 378 3434 guit,
415 3358 448 3410 ct
479 3349 616 3412 ratione
644 3345 822 3414 narrandi
845 3347 1084 3437 probandique
1120 3351 1288 3416 conciatcrc

286 3462 451 3528 contendit
462 3462 488 3528 ⁴.
498 3499 544 3514 -
566 3463 657 3550 Quae
666 3464 777 3532 omnia
793 3464 820 3532 ti
832 3465 1109 3553 reputaverimus,
1123 3469 1215 3535 facilc
1233 3467 1287 3534 in·

287 3643 564 3656 *η-

320 3765 332 3800 1
371 3747 444 3810 Vll,
462 3747 504 3801 14·
533 3745 599 3800 vid.
620 3751 832 3807 Schlotrcr
850 3754 1098 3824 0p.1.ll,2,p·
1119 3755 1180 3826 259.

319 3861 335 3896 2
369 3847 446 3902 last.
464 3846 545 3898 Orat.
564 3845 636 3909 llll,
658 3864 702 3902 to.

318 3939 335 3992 3
370 3942 530 4012 Eod.1,9.

317 4036 336 4091 4
370 4039 441 4094 an.
462 4038 534 4104 Xll,
557 4056 597 4093 ιο.
