2860 4974
718 385 778 454 166

238 566 400 651 nequitiae
422 565 611 628 bominibus
632 581 818 628 sermonem
840 563 935 630 suase
951 565 986 628 in
1006 565 1152 630 marum
1173 581 1274 628 oon-

240 683 332 760 eilio,
366 695 477 766 patere
512 682 696 762 existimem
716 703 755 746 ex
777 681 825 744 bis
845 681 988 746 renibus
1007 703 1163 764 supremo
1189 681 1274 746 beo

241 801 330 865 haud
352 820 528 884 perperam
552 797 702 862 tributis:

471 963 473 970 ,
555 951 601 964 -
623 927 663 978 ut
687 915 816 979 multoe
839 937 1032 1002 mensesque
1052 915 1216 1002 diesque.

287 1031 369 1100 Non
390 1045 505 1096 tantan
531 1044 677 1099 aetatem
697 1043 898 1120 tempestate
920 1034 985 1098 bae
1008 1035 1169 1098 seeleroei

292 1149 482 1216 Laetantur
499 1153 522 1214 ¹.

247 1270 364 1356 Itaque
393 1270 541 1354 plurium
563 1271 794 1334 sceleratorum
820 1291 914 1334 eausa
937 1283 1009 1334 uota
1027 1291 1091 1336 esse
1111 1269 1272 1344 videtur,

248 1401 424 1473 postquam
459 1389 545 1470 apud
582 1387 665 1450 Deos
698 1389 739 1451 de
772 1387 858 1470 Lupi
885 1387 1047 1470 supplicio
1081 1386 1274 1452 conabar.

250 1505 293 1572 ln
328 1507 377 1570 bis
410 1527 486 1572 oum
518 1503 572 1570 alii
608 1505 691 1570 bene
722 1506 818 1570 multi
849 1506 991 1582 luerint,
1027 1519 1102 1572 tum
1135 1519 1276 1588 praeter

252 1625 292 1690 L.
316 1623 486 1688 Tubulum
509 1636 542 1685 ot
560 1620 746 1688 Carbonem
771 1622 960 1688 uCicerone
979 1636 1176 1688 niemoratm
1189 1619 1277 1688 Me-

252 1743 371 1814 tellus,
396 1759 496 1824 quem
515 1737 667 1803 Horatius
681 1739 837 1804 indicavit
857 1753 890 1804 et
915 1759 991 1806 oum
1015 1740 1111 1823 Lupo
1130 1761 1276 1824 compo-

249 1857 363 1937 suist,
387 1857 582 1924 Pantolabus
605 1871 637 1920 et
657 1855 901 1934 Nomentanus,
925 1858 983 1941 qui
1007 1857 1108 1924 umbo
1118 1858 1276 1922 homines

255 1977 331 2042 siles
355 1990 388 2041 et
407 1975 561 2040 luxuriosi
583 1975 738 2040 dicuntur
764 1975 899 2040 fuisset.
948 1975 1135 2042 Cautururn
1158 1995 1277 2042 seesae

254 2095 451 2177 pronunciat
480 2094 630 2177 Jupiter,
660 2115 701 2157 ne
724 2093 794 2165 isti,
818 2094 874 2176 qui
894 2094 1065 2177 impietate
1086 2107 1120 2158 et
1139 2094 1276 2180 flagitiis

255 2217 340 2280 olam
361 2214 488 2276 dudum
510 2211 611 2298 gavisi
635 2212 793 2286 fuissent,
818 2225 924 2276 totam
945 2213 1046 2276 vitam
1069 2213 1182 2278 iisdem
1196 2225 1278 2276 etu-

255 2331 314 2398 diis
340 2328 627 2412 voluptatibusque
649 2328 870 2416 indulgerent.
917 2327 1030 2414 Neque
1049 2330 1202 2413 ineptum
1223 2345 1281 2394 eet

255 2449 409 2522 eredere,
434 2449 499 2510 bue
519 2447 681 2530 pertinere
708 2459 740 2510 et
759 2470 778 2512 a
798 2447 878 2510 Jove
902 2447 969 2530 ipso
988 2447 1170 2530 expositum
1183 2469 1279 2522 esse,

257 2586 341 2649 quse
351 2566 480 2651 populo
504 2578 537 2628 et
560 2564 780 2628 emtoribus
794 2585 832 2630 eo
851 2579 1001 2647 tempore
1014 2569 1174 2648 plaeeret.
1199 2579 1281 2628 tur·-

260 2701 339 2767 pem
370 2682 436 2746 titt
459 2681 615 2746 abutendi
642 2683 824 2756 rationem,
849 2682 1005 2765 perfidi,
1023 2682 1164 2756 nsunt,
1190 2683 1284 2746 adu-

259 2800 394 2875 latione,
416 2799 622 2866 simulatione
648 2799 826 2885 ineignem:
851 2803 938 2884 quod
965 2800 1049 2864 vitae
1071 2821 1176 2886 geniis
1197 2821 1282 2866 oum

260 2931 466 3004 praesentem
494 2917 692 3000 reipublicae
708 2917 817 2982 labem
839 2931 1034 2993 testaremur,
1052 2931 1127 2982 tum
1144 2918 1279 3000 impen-

260 3039 393 3102 dentem
407 3035 584 3120 pemiciem
596 3035 813 3118 portendebat
824 3033 852 3100 4.
877 3031 965 3119 Quin
979 3037 1069 3100 haud
1080 3034 1201 3100 soioan
1212 3055 1284 3100 non

258 3156 327 3224 siue
347 3154 438 3220 lovis
462 3153 528 3218 sive
550 3153 630 3226 alirn
650 3153 844 3218 sententiam
869 3155 1195 3220 lorentislleirersue
1216 3155 1283 3220 rit:

310 3271 384 3358 Quo
394 3272 567 3358 populum
590 3283 694 3357 utque
714 3269 831 3344 urbem
848 3285 953 3368 paeto
972 3276 1218 3361 eeroarepstie
1229 3276 1282 3338 eit

311 3385 472 3476 Ainpliu’
496 3386 719 3454 annonam
740 3425 787 3440 --

302 3657 313 3696 ι
353 3640 559 3712 Fragm.l.6.

301 3757 317 3792 ι
352 3737 421 3806 Sap.
441 3756 468 3806 p.
488 3737 533 3793 65.

302 3836 319 3886 5
355 3837 729 3904 Ausetanpostthmm.
752 3840 960 3910 Oruq.p.⁶9t·

303 3935 320 3986 b
356 3929 434 3984 Loco
451 3951 533 4002 sopra
550 3941 702 3986 memorato
720 3952 748 4001 p.
767 3934 811 4004 7⁴·

300 4025 319 4084 5
359 4029 597 4118 Rusippisir.
621 4035 696 4086 lost.
719 4033 767 4090 Gr.
786 4029 816 4084 il
836 4049 864 4100 p.
884 4034 944 4098 176·
975 4035 1081 4104 Virg.
1112 4036 1187 4092 luti.
1216 4039 1285 4084 vett.

270 4123 326 4188 ffi-
346 4122 418 4176 bloio
435 4141 464 4194 p.
481 4143 525 4196 7²·
563 4128 650 4182 naci
656 4129 678 4181 1.
700 4130 815 4200 Fragor·
834 4128 862 4192 l,
884 4129 913 4186 5.
