2860 4974
601 397 662 460 193

168 569 206 638 V
204 577 289 639 inite
312 575 488 646 lurcones,
512 573 722 647 emnedones,
747 574 854 636 virito
878 575 1062 650 ventres¹‚

124 705 195 756 tum
235 691 386 775 pluribus
422 690 599 772 disputavit
631 689 719 754 libro
753 701 873 774 quarto
908 704 940 755 et
975 691 1133 777 vigesimo

123 808 247 892 quinto.
282 808 452 874 Praeterea
471 805 715 890 impudicitiam
740 809 935 891 foedumque
958 807 1130 874 libidinem

123 943 293 1009 moresque
316 925 463 989 universe
483 925 660 1000 dissolutos,
682 927 794 1008 quales
816 922 921 988 Titius
942 927 1131 1010 descripsit,

123 1044 228 1106 multo
247 1044 312 1106 sule
332 1063 370 1107 ac
393 1042 543 1105 libertate
563 1041 756 1106 insectatum
780 1062 855 1116 esse,
874 1044 942 1106 loen
967 1048 1132 1126 permulta

121 1159 193 1223 sutis
216 1177 379 1243 superque
395 1161 525 1224 docent.

162 1275 277 1360 Neque
290 1296 367 1340 vero
381 1275 631 1359 philosophie
646 1277 810 1340 abstinuit.
835 1276 997 1362 Amplum
1010 1281 1045 1344 hi
1056 1303 1132 1346 sune

120 1393 246 1459 satirico
265 1401 382 1477 podtee
394 1393 525 1476 jocundi
548 1393 767 1478 irridendique
788 1396 898 1462 locum
911 1397 1131 1478 praebebant.

122 1513 243 1596 quippe
276 1531 357 1595 quos
379 1511 413 1573 in
434 1523 580 1575 extreme
604 1511 715 1575 omnic
738 1513 913 1578 excurrisse
935 1529 992 1579 aut
1015 1518 1131 1594 ruisse,

123 1629 311 1712 placitisque
321 1623 387 1691 suis
399 1626 485 1692 miro
494 1641 527 1691 et
540 1627 741 1694 incredibilia
753 1628 890 1693 sanxisse
902 1641 1038 1696 constat.
1060 1631 1132 1696 ltc-

122 1767 183 1829 que
195 1745 372 1828 interpres:
386 1743 504 1810 «Stoici
519 1743 706 1809 existiment
718 1750 881 1828 perfectae
891 1747 1066 1830 sapientiae
1080 1751 1132 1814 vi·

121 1882 195 1926 rum
214 1861 324 1927 omnin
343 1861 477 1938 hubere3
497 1862 617 1946 inquo
638 1872 671 1926 et
684 1863 826 1926 Lucilius
842 1877 986 1928 versatus
998 1866 1045 1930 eic
1066 1867 1128 1932 nit:

273 2014 320 2030 --
341 1977 492 2044 norisium
512 1981 621 2043 etiam
642 1980 860 2044 haecomnia
887 1980 1042 2058 latetis,

184 2098 387 2173 Formosus,
411 2096 524 2175 dives,
551 2097 660 2176 liber,
685 2117 746 2163 rest
770 2097 858 2164 soln’
878 2113 1025 2166 voretur.

121 2217 212 2302 Quae
236 2231 344 2282 temen
374 2222 471 2298 poe'te
490 2237 557 2280 non
580 2217 790 2298 simpliciter,
822 2219 878 2281 sed
902 2239 962 2299 per
985 2218 1129 2286 derisum

121 2333 305 2399 Stoicorum
332 2332 450 2398 dieit2.
466 2353 483 2392 n
532 2332 606 2398 Huc
629 2333 728 2396 eriam
750 2334 931 2415 pertinent:

162 2453 324 2528 Postulo,
349 2455 384 2515 si
406 2454 570 2539 quaeris,
594 2453 779 2526 conteriu’,
799 2456 934 2527 serou',
959 2465 1107 2542 segestro

163 2569 303 2634 Utilior
327 2569 419 2632 milti
443 2591 548 2654 quam
571 2570 713 2654 sapiens
723 2567 795 2630 -3.

120 2687 230 2754 Polum
257 2703 323 2763 est,
359 2685 505 2752 ludibrio
526 2709 603 2750 eum
627 2687 774 2752 habuisse
796 2685 981 2752 Stoicorum
1006 2692 1131 2755 doctri-

119 2827 219 2880 nem,
243 2805 300 2890 qui
324 2827 388 2867 una
412 2805 532 2868 virtute
559 2804 701 2868 contenti
723 2803 943 2884 superbirent.
990 2806 1128 2871 Eosdem

119 2938 229 3007 petere
254 2923 381 2986 videtur
402 2924 464 2985 hoc
487 2941 602 2985 versu:

164 3041 261 3127 Quae
278 3042 423 3124 pietas?
447 3043 704 3126 monogrammi
717 3043 880 3125 ‚quinque
902 3039 1128 3128 adductipie·

792 3167 900 3218 tatem
924 3157 1081 3223 vocantl.

152 3340 163 3376 r
200 3321 381 3393 fragam,
402 3341 428 3392 9.
447 3323 532 3388 xlv,
548 3343 574 3395 9.
590 3339 634 3386 to,
655 3323 765 3376 inc-85·
803 3323 1128 3392 Diligentissimusetism

113 3419 224 3472 videtur
235 3419 317 3470 luisse
327 3420 355 3470 iu
366 3420 486 3475 uoundo
497 3423 643 3474 mulierum
653 3420 718 3472 lusu
731 3429 758 3470 ct
770 3423 964 3476 ostentatione.
972 3423 1090 3488 CLXV,
1098 3425 1126 3477 ⁵.

149 3534 166 3568 2
201 3516 391 3584 Auci-post
404 3519 504 3570 Corum.
520 3522 603 3590 Oruq.
623 3535 649 3584 p.
669 3518 720 3585 690
738 3518 874 3571 adHor.
898 3523 961 3572 Sat.
975 3521 985 3572 l
998 3558 1005 3582 ‚
1019 3522 1053 3586 3,
1069 3523 1127 3576 ηδ.

112 3611 290 3682 Lucii-fr·
307 3613 362 3663 ine.
382 3613 424 3666 23.
443 3613 497 3667 cll.
522 3617 650 3666 Varro
677 3616 739 3692 dit.
759 3615 974 3686 «Longesugit
999 3621 1047 3688 qui
1063 3635 1128 3669 suos

100 3709 191 3779 frigii
201 3725 235 3758 ιι
256 3709 338 3764 Solus
349 3727 410 3772 rex,
423 3712 499 3762 solus
515 3711 627 3772 rhetor,
647 3711 725 3760 solus
727 3712 886 3780 formosus,
889 3713 994 3781 sertis,
1010 3731 1125 3784 aequus,

111 3805 203 3856 ulad
212 3804 375 3856 aedilitium
386 3807 494 3856 morium
503 3826 594 3876 purus
606 3817 706 3875 putus.
725 3813 749 3860 Β
757 3826 774 3856 u
784 3809 817 3858 ci
824 3823 841 3856 a
850 3825 877 3856 n·
896 3809 946 3860 diss
964 3811 1051 3863 πρίω·
1067 3811 1127 3864 μένος

107 3895 172 3952 οὗτος
190 3905 268 3954 σοφὴ,
289 3903 351 3956 μόνος
370 3907 452 3954 suis.
469 3905 530 3959 pisse
550 3904 646 3955 dieasse.
661 3903 770 3959 isipslss.
783 3903 906 3957 βισιλιὺς.
919 3898 999 3956 iim.
1014 3902 1127 3956 earinis,

110 3987 227 4042 νομικῆς
240 3993 280 4034 ni
295 3989 376 4032 sliam
388 3989 460 4034 testu.

146 4071 162 4122 5
197 4071 311 4142 Fragm.
333 4070 430 4134 XXV,
450 4091 476 4142 7.
505 4073 550 4130 Ci.
574 4073 704 4138 xxvtl,
728 4090 757 4141 ¹9
795 4070 864 4136 Sup.
883 4088 910 4136 p.
930 4087 975 4139 9¹·

147 4167 165 4217 ⁴
200 4167 271 4217 Bod.
292 4166 424 4231 XXVII,
445 4184 487 4237 19.
515 4167 561 4224 Cf.
585 4172 704 4221 Turn.
720 4169 790 4220 Asls'.
812 4163 960 4230 XXVlil,
980 4182 1007 4233 9·

621 4269 660 4362 lii
