2888 4972
640 399 706 472 313

164 599 221 651 et:

212 700 348 770 Verum
370 721 457 790 agee·
480 703 547 766 iate
569 711 839 788 metuquoateu
862 703 935 777 ait,
963 721 1106 766 nosce.-
1128 701 1183 764 οἱ·

990 824 1074 888 iam
1088 831 1142 884 me

255 938 294 1007 N
297 943 436 1007 averia
459 951 491 1005 et
513 943 635 1006 narie
659 953 691 1007 te
713 963 867 1029 quoque,
890 943 925 1006 οἱ
941 945 1041 1030 potia
1063 959 1118 1008 eea

212 1057 435 1149 Quamquam
452 1060 597 1152 difficile
608 1073 659 1126 eet
675 1085 710 1126 ee
721 1083 906 1127 noscere:
930 1065 1035 1143 γνῶθι
1047 1043 1181 1129 σεαυτόν

258 1180 373 1268 Quam
391 1201 539 1268 propere
564 1181 733 1270 legimur,
757 1193 832 1246 tom
861 1181 934 1246 cito
952 1180 1183 1270 negligimur.

163 1297 284 1366 Acrius
311 1321 390 1366 vero
422 1313 521 1386 atque
542 1301 722 1366 accuratius
746 1309 855 1365 totum
880 1301 944 1366 hoo
960 1302 1001 1365 de
1024 1299 1184 1365 Luciliani

162 1419 264 1484 metri
281 1419 451 1484 'varietate
481 1430 581 1502 capnt
611 1419 805 1506 iaveetig‘are
832 1420 970 1505 longum
989 1431 1049 1485 eet.
1093 1416 1185 1503 Qua·
1261 1499 1264 1504 Ι

162 1549 303 1621 propter
326 1537 400 1602 satia
421 1536 602 1614 habemur,
636 1537 786 1602 universe
809 1539 974 1623 quaedam
999 1536 1184 1614 monnicae,

161 1641 198 1720 in
220 1656 341 1742 quibua
363 1657 563 1721 elaborandis
587 1668 620 1720 et
643 1658 684 1720 ad
705 1656 880 1722 certiorem
897 1657 1063 1722 rationem
1086 1663 1185 1722 'revo-

162 1775 274 1840 candie
292 1773 414 1861 ingenii
435 1796 575 1840 acumen
598 1774 792 1860 requiritur.
1176 1762 1180 1772 ’

206 1891 336 1978 Operae
361 1894 506 1976 pretium
532 1905 579 1958 est
602 1896 735 1957 tandem
756 1893 900 1959 breviter
921 1905 959 1958 ea
970 1914 1181 1978 componere,

163 2035 249 2098 quae
271 2011 420 2096 deinceps
445 2013 664 2096 exposuimus.
699 2012 909 2078 Luciliano
924 2014 1056 2078 satira
1078 2014 1183 2080 unua-³

162 2132 255 2198 modi
281 2151 414 2196 carmen
436 2131 518 2208 suit,
542 2151 609 2216 quo
633 2136 730 2214 potita
748 2131 942 2208 incivitate,
962 2133 1182 2198 aveteredie-

162 2251 285 2336 ciplina
309 2253 470 2336 degenere
493 2252 579 2316 etad
597 2271 731 2315 morum
744 2241 1012 2335 depravationem
1025 2243 1181 2335 proclivi,

162 2373 293 2437 virtutis
330 2379 461 2437 caueam
497 2384 530 2436 et
560 2371 753 2458 dignitatem
782 2373 866 2437 tueri
891 2372 1080 2438 conabatur.
1127 2371 1182 2436 In-

162 2490 352 2578 dignatione
378 2498 588 2566 commotus,
624 2513 735 2556 acrem
757 2512 791 2555 ae
814 2504 847 2556 et
870 2491 1049 2557 violentum
1076 2492 1182 2563 omnis

162 2608 333 2692 pravitatis
364 2608 525 2673 vindicem
560 2608 729 2691 probavit,
765 2610 810 2673 ita
834 2622 946 2674 tamea
969 2623 1007 2674 ut
1025 2611 1182 2676 aermonie

160 2729 369 2813 asperitatem
392 2728 545 2793 comitate
570 2727 807 2792 eeurban‘inte
826 2735 1046 2811 temperaret,
1069 2741 1102 2793 et
1124 2749 1182 2792 an·

163 2848 275 2934 tiquae
302 2870 340 2913 ac
364 2848 556 2912 vernaculae
580 2843 759 2912 festivitatis
784 2849 893 2945 lepore
914 2839 1002 2942 haud
1027 2867 1102 2912 raro
1127 2869 1182 2912 ex·

161 2968 329 3033 hilararet.
375 2965 526 3050 Princeps
558 2965 619 3057 eibi
656 2987 777 3054 munus
809 2966 948 3056 habuit,
984 2949 1182 3043 nouaclum

163 3107 264 3152 omne
288 3086 360 3153 vitii
377 3107 479 3172 genua
503 3087 659 3174 aggredi,
689 3087 873 3152 sedetiam
890 3085 975 3153 vitiis
993 3084 1182 3152 laborantee

162 3206 353 3282 Romanoa,
387 3206 612 3290 cujuscunque
639 3206 722 3282 loci,
755 3205 905 3281 ardinio,
920 3203 1111 3270 conditionie
1131 3225 1184 3270 ea-

161 3325 257 3401 e'ent,
280 3324 478 3390 nominatim
507 3323 639 3390 cummi
662 3309 812 3390 libertate
834 3311 983 3391 insectari
1003 3338 1054 3401 et,
1077 3325 1182 3422 specie

163 3445 256 3509 omni
276 3447 439 3522 detracta,
462 3445 605 3534 integros
629 3445 802 3513 communi
828 3426 1182 3530 opprobrioo'bjiceia':

164 3578 280 3630 contra
309 3563 465 3639 illorum,
489 3584 573 3652 quoa
601 3563 705 3630 virtue
728 3563 976 3660 nobilitaverat,
1003 3563 1182 3650 imaginem

163 3682 343 3766 expremit,
366 3684 456 3769 quod
470 3684 648 3768 speculum.
661 3695 744 3748 creet
765 3683 1031 3750 crubacanabue
1044 3694 1077 3747 et
1087 3703 1182 3746 meu·

163 3811 233 3864 tem
250 3803 292 3866 ad
309 3799 468 3866 virtutem
490 3801 701 3888 erigentibus.
732 3797 820 3867 Huic
848 3784 1025 3886 praecipuo
1055 3799 1183 3886 proph·-

161 3917 223 3984 rito
245 3919 375 4008 ac'ceaait
392 3924 577 4004 poetarum,
604 3917 784 3998 c'rtitorum,
807 3893 1080 4006 philosophorum
1099 3919 1183 4016 alios

165 4057 313 4125 rumque
339 4024 556 4140 obtrectatio,
578 4039 716 4132 diljgeue
734 4013 1029 4134 'grammaticaeffiet
1051 4039 1184 4120 criticae

165 4157 324 4223 facultatis
347 4158 563 4238 exercitium,
584 4163 780 4246 poetarum,
806 4157 1015 4246 potissimum
1043 4158 1183 4248 tragico-
