2860 4974
754 397 816 463 172

322 572 461 638 Aurum
473 586 575 659 utque
583 574 732 639 ambitio
740 577 907 660 rpseimen
919 579 1068 640 uirtutis
1076 577 1216 663 utrique
1228 589 1306 644 ut.-

322 691 501 779 Quantam
510 691 644 767 babeas,
655 695 751 756 tanti
760 695 833 778 ipre
844 694 924 770 ries,
939 695 1098 780 tantique
1110 694 1300 760 babeas-iel

274 809 397 893 quippe
421 808 573 873 Horatius
597 813 734 874 eandem
754 811 949 874 sententiam
966 812 1013 876 sic
1028 812 1164 876 extulit:

316 923 386 990 Nil
407 929 500 991 ratis
523 938 595 1003 ert,
617 929 760 1012 inquit,
784 931 1007 1014 quiritanti,
1031 941 1201 1014 quantum
1227 930 1297 995 ltu·

1042 1047 1143 1124 bear,
1168 1050 1242 1124 ris,

269 1185 354 1249 quae
375 1164 410 1227 in
433 1165 561 1228 laudata
585 1164 653 1246 ejus
674 1163 772 1227 satira
790 1162 1004 1229 inveniuntur
1019 1163 1046 1228 ⁰.
1093 1165 1154 1228 lut
1174 1179 1292 1230 autem

269 1284 309 1346 de
341 1281 511 1346 insatiabili
543 1280 720 1362 cupiditate
754 1281 886 1366 egitur,
909 1284 1000 1364 quod
1022 1281 1131 1364 ipsum
1156 1283 1292 1348 videtur

268 1401 364 1483 buius
389 1397 542 1464 carminis
562 1397 721 1462 Luciliaui
741 1411 977 1483 argumentum
998 1401 1165 1483 quoddam
1179 1400 1290 1464 luirre.

267 1515 377 1602 Quare
400 1519 488 1582 baud
506 1537 620 1581 vereor
646 1518 711 1580 huo
730 1519 854 1580 referre
874 1517 963 1581 aliud
982 1519 1225 1602 fragmentum:

310 1633 469 1722 Nequam
501 1657 629 1700 aurum
654 1645 728 1710 ert,
759 1656 864 1699 aures
886 1634 1034 1721 quadri
1054 1635 1288 1701 vehementius

1080 1753 1237 1820 amlirl.

265 1871 350 1936 Hinc
378 1872 453 1938 satis
486 1885 599 1955 patet,
627 1871 661 1935 in
681 1871 853 1937 avaritiam
878 1885 911 1936 et
928 1871 1094 1938 ambitum
1112 1875 1175 1938 boc
1195 1871 1282 1937 libro

263 1988 406 2077 graviter
438 1989 605 2054 invectum
636 2009 701 2053 esee
724 1993 868 2072 politam.
916 1988 1064 2052 Tandem
1088 1989 1129 2052 de
1147 1989 1281 2054 adulte-

264 2110 314 2174 rio
341 2123 452 2174 actum
475 2121 508 2172 et
528 2122 681 2172 mutuam
700 2109 796 2192 hujus
818 2107 864 2172 rei
882 2107 967 2171 inter
988 2109 1140 2194 conjuges
1160 2127 1284 2191 expro-

264 2226 449 2291 brationem
468 2229 605 2290 relatam
627 2245 711 2301 esse,
728 2225 817 2288 haud
839 2223 950 2306 inepta
971 2223 1109 2307 suspicio
1131 2222 1217 2289 estl.

307 2342 500 2407 Intermiseis
523 2343 626 2408 tribus
649 2341 806 2425 proximis
829 2340 939 2416 libris,
962 2341 1145 2426 dequibus
1169 2343 1282 2408 bario·

262 2463 321 2524 leri
336 2463 434 2544 liujus
454 2461 515 2524 loci
540 2481 607 2523 non
627 2473 690 2536 eat,
716 2459 884 2546 pergimus
904 2463 946 2524 ad
963 2459 1150 2524 nonum5.
1172 2461 1223 2524 De
1243 2467 1282 2525 eo

261 2580 341 2645 haee
355 2577 495 2641 Isidorus
510 2603 517 2637 ε
543 2573 879 2663 «Orthograpbinm,
898 2577 920 2641 i.
942 2598 971 2641 e.
991 2576 1191 2660 scripturam
1205 2599 1282 2642 ree-

261 2712 354 2773 tam‚
386 2707 500 2759 eontra
535 2694 736 2777 imperitiam
768 2694 981 2759 librariorum
1015 2694 1159 2760 Lucilius
1179 2699 1279 2780 poe'ta

259 2814 409 2898 primum
433 2811 562 2896 scripsit
573 2809 634 2876 θ.»
659 2810 804 2877 Maxime
824 2812 1038 2877 memorabile
1056 2815 1120 2878 boe
1131 2835 1196 2878 ease
1210 2825 1279 2878 turn

262 2931 462 3008 timonium,
485 2951 584 2994 nemo
606 2929 760 3016 negabit3
791 2951 868 2994 nam
887 2931 1019 3017 signum
1032 2931 1281 3014 primusrurtu-

295 3145 307 3181 1
345 3129 392 3181 Fr.
409 3129 466 3184 inc.
484 3126 529 3182 16.

293 3245 308 3278 2
344 3241 384 3277 rs.
403 3228 448 3279 62.

292 3321 309 3374 5
344 3323 391 3374 Fr.
411 3325 467 3374 irre·
487 3321 532 3392 39.
567 3320 730 3388 Ci.rup.p
762 3321 825 3374 141.

291 3417 309 3470 *i
343 3417 511 3468 Reuvenr
531 3417 689 3469 Goilretarr.
705 3417 784 3470 liter.
803 3433 830 3484 p.
852 3431 895 3485 19·

290 3513 307 3564 5
343 3512 386 3564 De
405 3511 457 3564 hue
478 3512 553 3564 libro
569 3512 706 3580 disputari
728 3520 856 3581 coeptum
878 3529 956 3576 esre,
977 3511 1063 3564 iaetus
1084 3513 1210 3580 cognovi.
1229 3509 1272 3565 Gi.

260 3611 463 3674 Schmidt,
498 3611 605 3664 Lucilii
629 3611 813 3676 Satirarum,
844 3627 919 3683 quae
943 3611 977 3661 rie
999 3611 1020 3661 1.
1040 3611 1275 3678 IXsaprrrunl,

255 3711 396 3780 dispositu
420 3716 450 3759 ar
478 3705 632 3758 illustrata
649 3725 708 3775 ρης.
726 3709 780 3771 42,
799 3706 829 3761 6.
864 3706 904 3758 Er
925 3722 958 3757 eo
975 3713 1207 3773 programmatun
1224 3723 1275 3772 ge-

253 3822 319 3857 uere
337 3805 389 3859 boe
406 3803 540 3871 scriptum
556 3819 626 3866 erre,
647 3802 723 3872 quod
739 3803 827 3856 lutere
844 3803 975 3856 mortales
991 3801 1110 3866 debeat,
1131 3800 1270 3854 vildedu-

253 3905 307 3956 leo.
329 3900 531 3970 Septemdecim
556 3901 705 3970 fragmenta
724 3917 757 3952 eo
773 3899 910 3952 illustrata
928 3907 1010 3964 runt;
1036 3897 1180 3964 sedecim,
1200 3915 1266 3968 quus

253 4001 412 4064 restabant,
431 4015 496 4052 rrum
514 4015 586 4052 noro
603 4005 801 4068 programmate
820 4004 934 4051 tractata
952 3997 1028 4062 sint,
1049 3997 1156 4052 nereio·

286 4105 303 4158 6
340 4099 453 4152 trustra
473 4096 596 4166 quaesivi
616 4097 716 4149 locum.
746 4091 812 4156 vil,
833 4115 859 4164 p.
882 4095 930 4152 1⁵2
948 4105 1025 4149 nota.
1058 4094 1105 4148 Ci.
1130 4093 1270 4148 Vernis

252 4210 315 4254 arte
329 4217 374 4268 gr.
395 4198 480 4268 (Opp.
500 4193 530 4246 ΙΙ
550 4211 578 4262 p·
598 4195 674 4264 116).
