2894 4986
338 1106 381 1174 C·
410 1103 598 1172 LUCILII
633 1101 778 1171 AETAS
808 1103 869 1170 ΕΤ
899 1101 1032 1170 vm.

235 1829 334 1922 Num
367 1856 401 1920 in
429 1815 569 1940 antiquie
596 1854 739 1930 suerint,
758 1854 815 1940 qui
846 1850 920 1918 dati
947 1854 1045 1940 opera
1066 1853 1185 1920 Lucilii

186 1973 282 2040 vitam
305 1973 484 2038 memoriae
503 1975 697 2056 proderent,
711 1972 906 2058 ignoramus.
951 1974 1024 2060 Ipee
1046 1975 1181 2062 quidem

185 2093 264 2158 vitae
294 2114 369 2158 auae
409 2079 565 2176 interpres
595 2110 688 2158 verua
717 2103 750 2155 ct
785 2090 937 2156 candidus
963 2093 1112 2160 laudatur
1141 2093 1187 2162 ab

184 2209 315 2276 Horatio
338 2213 374 2276 ¹:

226 2330 295 2394 Ille
312 2330 405 2394 velut
414 2327 507 2416 fidia
528 2351 659 2394 arcana
683 2327 861 2394 sodalibus
886 2329 972 2394 clim

225 2447 386 2516 credebar
403 2447 530 2526 tibris,
554 2471 676 2538 neque,
690 2449 725 2510 ai
742 2447 1011 2526 inclaresceret,
1031 2473 1183 2538 unquam

222 2568 416 2633 Decurrma
439 2569 533 2645 alio,
557 2590 678 2654 neque,
702 2569 737 2630 ai
758 2566 854 2632 benc:
879 2591 945 2658 quo
962 2565 1054 2648 βίω
1068 2573 1182 2634 otnnia

223 2687 262 2753 V
260 2691 357 2752 otico
371 2699 495 2774 potent
516 2687 626 2752 veluti
647 2686 821 2776 descripto
842 2686 973 2754 tabella

225 2807 264 2876 V
263 2810 318 2872 ild
344 2810 447 2872 amia.

181 2925 254 3012 Quo
286 2926 413 2991 Horatii
441 2925 626 2990 testimonio
657 2925 736 2988 nihil
766 2947 842 2989 cum
872 2929 912 2993 ad
944 2927 1183 2996 conciliandum

180 3046 270 3111 nobie
301 3045 465 3110 Lucilium
498 3057 571 3108 tum
608 3047 649 3108 ad
669 3045 900 3128 deplorandam
921 3045 1054 3109 illorum
1079 3047 1183 3112 libro-

181 3187 255 3230 rum
285 3166 449 3249 jacturam
480 3163 583 3250 magia
617 3165 710 3228 valet.
756 3162 839 3228 Nam
856 3163 930 3228 inde
952 3164 1105 3232 continuo
1124 3168 1183 3232 ali·

180 3305 247 3369 quc
280 3285 400 3360 modo,
436 3303 551 3348 eorum
567 3281 653 3348 ratio
669 3303 753 3366 quae
775 3281 892 3358 fuerit,
910 3283 1063 3367 suspicari
1086 3285 1181 3354 nobie

182 3403 278 3470 licere
296 3400 432 3486 patebit.
458 3399 521 3468 Sed
535 3413 664 3488 praeter
684 3399 867 3476 Lucilium,
891 3402 973 3467 vitae
995 3425 1070 3468 auae
1092 3406 1183 3494 inge-

181 3541 287 3586 nuum
318 3519 533 3604 scriptorem,
564 3521 694 3584 nullum
730 3519 928 3598 invenimus,
949 3522 1005 3606 qui
1023 3522 1110 3589 idem
1132 3527 1186 3590 vel

182 3637 257 3706 data
281 3637 405 3722 opere,
435 3638 486 3704 rel
518 3636 608 3702 aliud
630 3658 727 3728 agene
751 3637 874 3704 lecerit.
918 3635 1030 3726 Neque
1050 3663 1183 3707 memo-

182 3769 273 3830 ratur
304 3757 373 3842 ejue
398 3755 466 3824 vita
486 3755 521 3820 in
545 3754 632 3823 libro
652 3753 692 3820 dc
706 3759 843 3847 peltis,
866 3756 923 3844 qui
946 3754 1099 3826 Suetonio
1119 3761 1183 3826 tri·

182 3874 312 3954 buitur,
329 3893 558 3962 quamquam,
580 3895 663 3960 quac
675 3871 892 3963 Hieronymus
904 3889 1090 3954 memoret,
1107 3878 1186 3952 indc-

216 4178 230 4216 1
268 4164 329 4218 Sat.
348 4160 392 4232 II,
410 4179 437 4234 ι,
459 4160 589 4234 dorequ-
