2888 4972
760 359 824 420 256
938 413 945 430 ,

231 555 237 566 ·
294 540 480 617 consectum
510 537 645 598 demum
670 537 768 598 luerit
790 550 862 617 post
884 534 1044 600 librorum
1066 539 1106 600 de
1124 537 1236 623 lingua
1257 541 1310 602 ln⁴

291 657 360 721 tina
381 652 628 738 scriptioneml.
664 653 758 718 Idem
780 654 885 716 visum
908 675 973 718 esse
994 655 1139 720 Ausonio
1159 653 1308 740 Popmne

292 773 448 860 cognovi,
482 770 687 836 Lucilium
711 773 885 857 legendum
912 794 977 837 esse
1000 776 1174 852 statuenti,
1199 795 1304 860 quem

290 891 447 974 scripsisse
462 891 507 954 eit
530 890 629 953 libros
643 889 819 952 satirarum
838 893 1077 957 adnumerum
1097 907 1130 956 et
1151 894 1306 958 ordinem

290 1011 454 1074 tribuum.
506 1009 650 1072 «Fuere
678 1020 789 1072 autem
815 1043 858 1054 -·
875 1010 986 1095 'pergit
1004 1045 1051 1060 -·-
1069 1011 1176 1076 tribus
1211 1011 1309 1076 initio·

291 1151 357 1194 una
392 1142 424 1192 et
455 1127 570 1212 viginti
599 1127 779 1191 institutae:
810 1141 920 1209 postea
948 1129 1198 1212 quatuordecim
1221 1131 1309 1194 alias

292 1259 512 1322 accesserunt,
526 1247 570 1309 ite
592 1259 763 1308 uteorum
781 1263 939 1310 numerus
959 1269 988 1310 a.
1011 1246 1053 1313 U.
1068 1245 1106 1313 C.
1130 1250 1196 1312 512
1223 1260 1307 1312 esset

292 1365 428 1452 triginta
445 1365 603 1449 quinque.
650 1362 719 1428 Hac
740 1364 865 1427 ratione
887 1367 1021 1428 fortasse
1042 1365 1161 1430 Lucilii
1183 1376 1308 1449 poema

291 1484 355 1548 suit
379 1483 517 1547 divisum
545 1482 580 1544 in
603 1483 669 1544 duo
689 1481 879 1558 volumine3
904 1484 1045 1546 alterum
1066 1482 1183 1546 habuit
1204 1483 1311 1548 libros

291 1601 393 1678 XXI,
422 1621 502 1684 quos
530 1598 638 1663 Varro
661 1597 716 1662 hic
742 1598 894 1674 adducit3
921 1602 1064 1662 alterum
1085 1599 1185 1663 libros
1208 1598 1304 1665 XIV.

291 1718 354 1785 Sed
377 1716 586 1804 grammatici
607 1716 798 1798 posteriores
822 1739 927 1780 unum
946 1719 1034 1797 σῶμα
1058 1717 1305 1802 fecerunt,qui

291 1835 473 1924 generatim
504 1835 606 1898 citant
635 1836 704 1917 ejus
738 1834 838 1900 libros
872 1833 999 1900 XXXV
1012 1833 1039 1898 ².
1055 1855 1072 1894 »
1120 1832 1232 1919 Quem
1254 1837 1307 1899 in-

291 1955 422 2042 geniosa
447 1975 484 2017 ac
513 1953 655 2035 speciose
688 1954 767 2016 hoec
787 1953 827 2016 sit
851 1955 1058 2037 conjecture,
1082 1962 1187 2036 patet.
1233 1953 1308 2018 Ve-

290 2088 485 2148 runtamen,
499 2073 523 2135 si
541 2092 617 2134 vore
638 2083 739 2158 esset,
764 2071 845 2154 quid
860 2091 972 2136 causae
994 2085 1187 2155 putaremus
1207 2073 1307 2138 fuisse

291 2214 372 2266 cur,
397 2191 453 2274 qui
474 2190 617 2272 plurime
641 2191 877 2274 fragmentum
896 2189 986 2252 libris
1000 2187 1128 2264 XXVI,
1152 2187 1305 2266 XXVII,

290 2309 451 2384 XXVIII,
465 2306 582 2371 XXIX
592 2321 624 2372 et
637 2307 732 2370 XXX
744 2308 900 2384 laudavit,
920 2307 1042 2372 Nonius
1054 2310 1144 2372 nulla
1155 2329 1306 2374 sertorea

291 2429 334 2492 rit
353 2450 370 2490 e
396 2427 564 2509 postremis
586 2425 759 2510 quinque?
808 2425 892 2489 Nem
915 2429 1005 2510 quod
1029 2427 1204 2492 satIrerum
1226 2427 1307 2492 libri

291 2545 447 2620 XXXVI,
470 2544 632 2620 XXXIX,
657 2543 767 2606 XLIII
782 2548 869 2626 apud
881 2565 959 2608 eum
979 2559 1010 2609 et
1024 2546 1101 2610 alios
1115 2567 1306 2610 memorem·

292 2681 367 2742 tur,
401 2664 633 2729 animadvertit
678 2663 797 2726 Domo
832 2664 959 2728 ineurit
995 2665 1207 2729 librariorum
1234 2669 1309 2730 lno-

291 2800 364 2850 tum
402 2806 486 2860 esse,
522 2797 559 2848 ut
596 2781 631 2845 in
666 2799 884 2846 numerorum
917 2784 999 2848 notis
1032 2785 1156 2848 incerte
1177 2785 1308 2867 saepius

289 2903 373 2967 ratio
407 2901 573 2975 obtinent,
610 2902 700 2984 quod
728 2921 886 2983 apparere
906 2901 984 2965 dicit
1004 2901 1029 2965 si
1053 2903 1125 2986 quis
1144 2906 1307 2966 ernenda-

289 3021 384 3085 tiores
409 3019 531 3084 codices
552 3039 629 3082 eum
653 3019 760 3082 minus
785 3019 878 3082 bonis
899 3021 1092 3084 contulerit:
1117 3021 1307 3105 quueenim·

290 3145 477 3226 fragmenta
514 3139 548 3200 irr
578 3138 635 3202 his
669 3159 686 3200 e
720 3136 812 3202 libris
834 3137 978 3205 XXXVI
1003 3152 1036 3203 et
1058 3138 1204 3204 XXXIX
1227 3143 1305 3203 lau-

289 3259 437 3332 dentur,
472 3258 586 3320 eadem
620 3256 652 3319 in
683 3257 766 3320 illis
801 3257 843 3320 ud
874 3257 972 3321 libros
997 3257 1109 3324 XXVI
1130 3271 1164 3322 et
1188 3255 1305 3322 XXIX

289 3378 390 3438 relate
419 3373 596 3438 inveniriss.
644 3374 717 3437 Alie
752 3387 863 3438 autem
891 3374 1029 3452 obsunt3
1065 3396 1144 3438 nem
1172 3376 1198 3439 si
1226 3377 1303 3452 illu,

290 3513 389 3579 quem
425 3493 548 3575 Popma
574 3493 701 3562 uoluit.
725 3492 882 3574 bipartite
902 3493 1008 3575 operis
1032 3492 1147 3558 divisio
1166 3494 1215 3558 sie
1238 3495 1303 3558 dis·

289 3614 390 3678 tincta
408 3611 450 3674 ab
473 3624 605 3673 auctore
628 3611 759 3686 fuisset,
784 3625 821 3672 ut
844 3611 1056 3695 antiquarum
1080 3623 1113 3674 et
1136 3631 1302 3677 notarum·

291 3794 321 3804 .-
328 3794 424 3802 -----
426 3789 523 3800 ...—

323 3913 332 3947 t
374 3895 604 3948 Fuhrmann
625 3894 781 3950 Haorlb0d.
803 3895 892 3946 Closs.
916 3896 959 3945 [ait
993 3893 1037 3948 Ill
1056 3913 1083 3962 p·
1104 3894 1164 3950 158.

323 4009 338 4045 2
375 3996 428 4044 nu.
450 3995 515 4059 Rip.
535 3991 562 4044 ll
584 4008 613 4058 po
633 4009 677 4052 to,
697 3992 759 4044 trs.

322 4089 338 4140 5
375 4090 421 4140 Ad
440 4089 571 4139 Lucil.
593 4091 639 4140 Fr.
659 4107 685 4154 p.
706 4106 749 4158 99.
