<?xml version="1.0" encoding="UTF-8"?>
<!DOCTYPE html PUBLIC "-//W3C//DTD XHTML 1.0 Transitional//EN"
    "http://www.w3.org/TR/xhtml1/DTD/xhtml1-transitional.dtd">
<html xmlns="http://www.w3.org/1999/xhtml" xml:lang="en" lang="en">
 <head>
  <title>
</title>
<meta http-equiv="Content-Type" content="text/html;charset=utf-8" />
  <meta name='ocr-system' content='tesseract 3.04.00' />
  <meta name='ocr-capabilities' content='ocr_page ocr_carea ocr_par ocr_line ocrx_word'/>
</head>
<body>
  <div class='ocr_page' id='page_1' title='image "./studiacriticain01heusgoog_0030.png"; bbox 0 0 2894 4986; ppageno 0'>
   <div class='ocr_carea' id='block_1_1' title="bbox 630 364 669 427">
    <p class='ocr_par' dir='ltr' id='par_1_1' title="bbox 630 364 669 427">
     <span class='ocr_line' id='line_1_1' title="bbox 630 364 669 427; baseline -0.026 0"><span class='ocrx_word' id='word_1_1' title='bbox 630 364 669 427; x_wconf 89' lang='lat'>21</span> 
     </span>
    </p>
   </div>
   <div class='ocr_carea' id='block_1_2' title="bbox 145 539 1157 2994">
    <p class='ocr_par' dir='ltr' id='par_1_2' title="bbox 145 539 1157 2994">
     <span class='ocr_line' id='line_1_2' title="bbox 147 539 1155 626; baseline 0.004 -20"><span class='ocrx_word' id='word_1_2' title='bbox 147 553 327 606; x_wconf 75' lang='lat' dir='ltr'><strong>statuamus</strong></span> <span class='ocrx_word' id='word_1_3' title='bbox 359 541 442 625; x_wconf 88' lang='lat' dir='ltr'>ejus,</span> <span class='ocrx_word' id='word_1_4' title='bbox 473 561 572 626; x_wconf 91' lang='lat' dir='ltr'>quem</span> <span class='ocrx_word' id='word_1_5' title='bbox 593 539 655 607; x_wconf 92' lang='lat' dir='ltr'>Dio</span> <span class='ocrx_word' id='word_1_6' title='bbox 684 543 900 620; x_wconf 81' lang='lat' dir='ltr'>memorarit,</span> <span class='ocrx_word' id='word_1_7' title='bbox 924 543 1072 611; x_wconf 66' lang='lat' dir='ltr'>excidisse</span> <span class='ocrx_word' id='word_1_8' title='bbox 1089 547 1155 610; x_wconf 92' lang='lat' dir='ltr'>boc</span> 
     </span>
     <span class='ocr_line' id='line_1_3' title="bbox 148 660 1149 750; baseline 0.002 -24"><span class='ocrx_word' id='word_1_9' title='bbox 148 660 216 745; x_wconf 84' lang='lat' dir='ltr'>ipso</span> <span class='ocrx_word' id='word_1_10' title='bbox 233 663 306 726; x_wconf 93' lang='lat' dir='ltr'>loco</span> <span class='ocrx_word' id='word_1_11' title='bbox 326 661 534 725; x_wconf 80' lang='lat' dir='ltr'>librariorum</span> <span class='ocrx_word' id='word_1_12' title='bbox 553 662 649 745; x_wconf 72' lang='lat' dir='ltr'>culpi</span> <span class='ocrx_word' id='word_1_13' title='bbox 672 660 882 730; x_wconf 87' lang='lat' dir='ltr'>mentionem.</span> <span class='ocrx_word' id='word_1_14' title='bbox 928 662 1039 750; x_wconf 84' lang='lat' dir='ltr'>Neque</span> <span class='ocrx_word' id='word_1_15' title='bbox 1059 665 1149 729; x_wconf 90' lang='lat' dir='ltr'>enim</span> 
     </span>
     <span class='ocr_line' id='line_1_4' title="bbox 147 778 1157 868; baseline 0.003 -24"><span class='ocrx_word' id='word_1_16' title='bbox 147 780 291 844; x_wconf 87' lang='lat' dir='ltr'>alienum</span> <span class='ocrx_word' id='word_1_17' title='bbox 311 779 438 845; x_wconf 81' lang='lat' dir='ltr'>videtur</span> <span class='ocrx_word' id='word_1_18' title='bbox 458 779 654 855; x_wconf 83' lang='lat' dir='ltr'>existimare,</span> <span class='ocrx_word' id='word_1_19' title='bbox 683 778 893 858; x_wconf 80' lang='lat' dir='ltr'>Ciceronem,</span> <span class='ocrx_word' id='word_1_20' title='bbox 914 803 954 844; x_wconf 86' lang='lat' dir='ltr'>ne</span> <span class='ocrx_word' id='word_1_21' title='bbox 976 783 1022 859; x_wconf 88' lang='lat' dir='ltr'>is,</span> <span class='ocrx_word' id='word_1_22' title='bbox 1046 803 1157 868; x_wconf 66' lang='lat' dir='ltr'>quem*</span> 
     </span>
     <span class='ocr_line' id='line_1_5' title="bbox 146 897 1146 986; baseline 0.002 -24"><span class='ocrx_word' id='word_1_23' title='bbox 146 911 298 982; x_wconf 86' lang='lat' dir='ltr'>posuerat</span> <span class='ocrx_word' id='word_1_24' title='bbox 309 942 318 973; x_wconf 91' lang='lat'>,</span> <span class='ocrx_word' id='word_1_25' title='bbox 328 897 430 963; x_wconf 87' lang='lat' dir='ltr'>Titius</span> <span class='ocrx_word' id='word_1_26' title='bbox 443 919 520 962; x_wconf 90' lang='lat' dir='ltr'>cum</span> <span class='ocrx_word' id='word_1_27' title='bbox 538 901 638 964; x_wconf 88' lang='lat' dir='ltr'>altero</span> <span class='ocrx_word' id='word_1_28' title='bbox 647 897 751 975; x_wconf 89' lang='lat' dir='ltr'>Titio,</span> <span class='ocrx_word' id='word_1_29' title='bbox 766 899 844 986; x_wconf 88' lang='lat' dir='ltr'>legis</span> <span class='ocrx_word' id='word_1_30' title='bbox 857 899 998 964; x_wconf 87' lang='lat' dir='ltr'>Fanniae</span> <span class='ocrx_word' id='word_1_31' title='bbox 1009 921 1146 976; x_wconf 87' lang='lat' dir='ltr'>suasore,</span> 
     </span>
     <span class='ocr_line' id='line_1_6' title="bbox 146 1015 1149 1100; baseline 0.001 -20"><span class='ocrx_word' id='word_1_32' title='bbox 146 1017 237 1100; x_wconf 88' lang='lat' dir='ltr'>cujus</span> <span class='ocrx_word' id='word_1_33' title='bbox 251 1015 404 1081; x_wconf 88' lang='lat' dir='ltr'>omiserat</span> <span class='ocrx_word' id='word_1_34' title='bbox 416 1017 617 1081; x_wconf 91' lang='lat' dir='ltr'>mentionem</span> <span class='ocrx_word' id='word_1_35' title='bbox 628 1038 685 1082; x_wconf 90' lang='lat' dir='ltr'>suo</span> <span class='ocrx_word' id='word_1_36' title='bbox 706 1018 777 1082; x_wconf 92' lang='lat' dir='ltr'>loco</span> <span class='ocrx_word' id='word_1_37' title='bbox 795 1020 916 1094; x_wconf 84' lang='lat' dir='ltr'>lacere,</span> <span class='ocrx_word' id='word_1_38' title='bbox 937 1031 1058 1082; x_wconf 88' lang='lat' dir='ltr'>temere</span> <span class='ocrx_word' id='word_1_39' title='bbox 1068 1037 1149 1082; x_wconf 87' lang='lat' dir='ltr'>con·</span> 
     </span>
     <span class='ocr_line' id='line_1_7' title="bbox 147 1134 1148 1220; baseline 0.003 -24"><span class='ocrx_word' id='word_1_40' title='bbox 147 1134 361 1210; x_wconf 81' lang='lat' dir='ltr'>funderetur,</span> <span class='ocrx_word' id='word_1_41' title='bbox 382 1154 494 1199; x_wconf 83' lang='lat' dir='ltr'>cavere</span> <span class='ocrx_word' id='word_1_42' title='bbox 506 1135 639 1200; x_wconf 86' lang='lat' dir='ltr'>voluisse</span> <span class='ocrx_word' id='word_1_43' title='bbox 656 1147 688 1199; x_wconf 87' lang='lat' dir='ltr'>et</span> <span class='ocrx_word' id='word_1_44' title='bbox 706 1138 746 1200; x_wconf 92' lang='lat' dir='ltr'>de</span> <span class='ocrx_word' id='word_1_45' title='bbox 758 1155 815 1211; x_wconf 91' lang='lat' dir='ltr'>eo,</span> <span class='ocrx_word' id='word_1_46' title='bbox 837 1156 919 1220; x_wconf 84' lang='lat' dir='ltr'>quae</span> <span class='ocrx_word' id='word_1_47' title='bbox 935 1135 1068 1201; x_wconf 85' lang='lat' dir='ltr'>dicenda</span> <span class='ocrx_word' id='word_1_48' title='bbox 1090 1137 1148 1199; x_wconf 89' lang='lat' dir='ltr'>ba-</span> 
     </span>
     <span class='ocr_line' id='line_1_8' title="bbox 145 1251 1146 1341; baseline 0.001 -24"><span class='ocrx_word' id='word_1_49' title='bbox 145 1251 244 1317; x_wconf 87' lang='lat' dir='ltr'>bebat</span> <span class='ocrx_word' id='word_1_50' title='bbox 267 1252 422 1339; x_wconf 85' lang='lat' dir='ltr'>nobisque</span> <span class='ocrx_word' id='word_1_51' title='bbox 441 1267 564 1320; x_wconf 79' lang='lat' dir='ltr'>servata</span> <span class='ocrx_word' id='word_1_52' title='bbox 586 1267 673 1330; x_wconf 86' lang='lat' dir='ltr'>sunt,</span> <span class='ocrx_word' id='word_1_53' title='bbox 682 1255 805 1320; x_wconf 83' lang='lat' dir='ltr'>dixisse.</span> <span class='ocrx_word' id='word_1_54' title='bbox 824 1252 1081 1341; x_wconf 86' lang='lat' dir='ltr'>Quodeomagis</span> <span class='ocrx_word' id='word_1_55' title='bbox 1091 1255 1146 1318; x_wconf 93' lang='lat' dir='ltr'>in-</span> 
     </span>
     <span class='ocr_line' id='line_1_9' title="bbox 146 1372 1145 1458; baseline 0 -24"><span class='ocrx_word' id='word_1_56' title='bbox 146 1372 248 1435; x_wconf 83' lang='lat' dir='ltr'>ducor</span> <span class='ocrx_word' id='word_1_57' title='bbox 270 1384 309 1436; x_wconf 89' lang='lat' dir='ltr'>ut</span> <span class='ocrx_word' id='word_1_58' title='bbox 321 1374 473 1448; x_wconf 77' lang='lat' dir='ltr'>credam,</span> <span class='ocrx_word' id='word_1_59' title='bbox 494 1393 561 1458; x_wconf 91' lang='lat' dir='ltr'>quo</span> <span class='ocrx_word' id='word_1_60' title='bbox 580 1373 756 1438; x_wconf 86' lang='lat' dir='ltr'>evidentius</span> <span class='ocrx_word' id='word_1_61' title='bbox 777 1374 845 1456; x_wconf 86' lang='lat' dir='ltr'>ipse</span> <span class='ocrx_word' id='word_1_62' title='bbox 867 1372 965 1437; x_wconf 81' lang='lat' dir='ltr'>verba</span> <span class='ocrx_word' id='word_1_63' title='bbox 977 1372 1145 1456; x_wconf 76' lang='lat' dir='ltr'>pristinam</span> 
     </span>
     <span class='ocr_line' id='line_1_10' title="bbox 147 1489 1145 1576; baseline 0.002 -23"><span class='ocrx_word' id='word_1_64' title='bbox 147 1491 351 1575; x_wconf 79' lang='lat' dir='ltr'>eloquentiae</span> <span class='ocrx_word' id='word_1_65' title='bbox 367 1505 505 1556; x_wconf 84' lang='lat' dir='ltr'>aetatem</span> <span class='ocrx_word' id='word_1_66' title='bbox 523 1495 679 1557; x_wconf 85' lang='lat' dir='ltr'>referunt.</span> <span class='ocrx_word' id='word_1_67' title='bbox 702 1492 834 1557; x_wconf 83' lang='lat' dir='ltr'>Etenim</span> <span class='ocrx_word' id='word_1_68' title='bbox 848 1539 857 1567; x_wconf 92' lang='lat'>,</span> <span class='ocrx_word' id='word_1_69' title='bbox 870 1495 957 1576; x_wconf 90' lang='lat' dir='ltr'>quod</span> <span class='ocrx_word' id='word_1_70' title='bbox 969 1506 1001 1556; x_wconf 83' lang='lat' dir='ltr'>et</span> <span class='ocrx_word' id='word_1_71' title='bbox 1016 1489 1145 1556; x_wconf 87' lang='lat' dir='ltr'>Graecis</span> 
     </span>
     <span class='ocr_line' id='line_1_11' title="bbox 147 1607 1148 1694; baseline -0.002 -23"><span class='ocrx_word' id='word_1_72' title='bbox 147 1607 246 1672; x_wconf 83' lang='lat' dir='ltr'>literis</span> <span class='ocrx_word' id='word_1_73' title='bbox 261 1621 293 1673; x_wconf 88' lang='lat' dir='ltr'>ct</span> <span class='ocrx_word' id='word_1_74' title='bbox 305 1631 364 1674; x_wconf 86' lang='lat' dir='ltr'>usu</span> <span class='ocrx_word' id='word_1_75' title='bbox 376 1610 493 1674; x_wconf 80' lang='lat' dir='ltr'>lorensi</span> <span class='ocrx_word' id='word_1_76' title='bbox 506 1611 640 1674; x_wconf 81' lang='lat' dir='ltr'>caruisse</span> <span class='ocrx_word' id='word_1_77' title='bbox 650 1610 859 1694; x_wconf 83' lang='lat' dir='ltr'>perhibetur,</span> <span class='ocrx_word' id='word_1_78' title='bbox 874 1631 915 1674; x_wconf 88' lang='lat' dir='ltr'>eo</span> <span class='ocrx_word' id='word_1_79' title='bbox 929 1609 1041 1674; x_wconf 78' lang='lat' dir='ltr'>referri</span> <span class='ocrx_word' id='word_1_80' title='bbox 1054 1623 1148 1692; x_wconf 72' lang='lat' dir='ltr'>puto,</span> 
     </span>
     <span class='ocr_line' id='line_1_12' title="bbox 148 1726 1153 1812; baseline -0.003 -19"><span class='ocrx_word' id='word_1_81' title='bbox 148 1726 194 1794; x_wconf 89' lang='lat' dir='ltr'>Ut</span> <span class='ocrx_word' id='word_1_82' title='bbox 211 1728 322 1812; x_wconf 86' lang='lat' dir='ltr'>paucis</span> <span class='ocrx_word' id='word_1_83' title='bbox 341 1728 526 1806; x_wconf 79' lang='lat' dir='ltr'>absolvam,</span> <span class='ocrx_word' id='word_1_84' title='bbox 558 1731 637 1792; x_wconf 88' lang='lat' dir='ltr'>baec</span> <span class='ocrx_word' id='word_1_85' title='bbox 662 1729 743 1792; x_wconf 93' lang='lat' dir='ltr'>mibi</span> <span class='ocrx_word' id='word_1_86' title='bbox 769 1728 895 1794; x_wconf 86' lang='lat' dir='ltr'>videtur</span> <span class='ocrx_word' id='word_1_87' title='bbox 921 1728 981 1792; x_wconf 92' lang='lat' dir='ltr'>loci</span> <span class='ocrx_word' id='word_1_88' title='bbox 1004 1728 1153 1791; x_wconf 80' lang='lat' dir='ltr'>maximo·</span> 
     </span>
     <span class='ocr_line' id='line_1_13' title="bbox 148 1844 1145 1933; baseline -0.001 -24"><span class='ocrx_word' id='word_1_89' title='bbox 148 1845 323 1928; x_wconf 84' lang='lat' dir='ltr'>probabilis</span> <span class='ocrx_word' id='word_1_90' title='bbox 352 1847 531 1911; x_wconf 84' lang='lat' dir='ltr'>restitutio:</span> <span class='ocrx_word' id='word_1_91' title='bbox 559 1844 729 1933; x_wconf 79' lang='lat' dir='ltr'>Ejusdem</span> <span class='ocrx_word' id='word_1_92' title='bbox 758 1844 838 1932; x_wconf 80' lang='lat' dir='ltr'>sare</span> <span class='ocrx_word' id='word_1_93' title='bbox 870 1847 1034 1932; x_wconf 80' lang='lat' dir='ltr'>temporis</span> <span class='ocrx_word' id='word_1_94' title='bbox 1068 1845 1145 1927; x_wconf 80' lang='lat' dir='ltr'>fuit</span> 
     </span>
     <span class='ocr_line' id='line_1_14' title="bbox 149 1961 1145 2052; baseline 0 -24"><span class='ocrx_word' id='word_1_95' title='bbox 149 1962 184 2028; x_wconf 80' lang='lat' dir='ltr'>C.</span> <span class='ocrx_word' id='word_1_96' title='bbox 209 1963 384 2029; x_wconf 79' lang='lat' dir='ltr'>Titim-</span> <span class='ocrx_word' id='word_1_97' title='bbox 403 1962 597 2052; x_wconf 78' lang='lat' dir='ltr'>Antiquior</span> <span class='ocrx_word' id='word_1_98' title='bbox 615 1963 694 2051; x_wconf 79' lang='lat' dir='ltr'>suit</span> <span class='ocrx_word' id='word_1_99' title='bbox 717 1986 813 2050; x_wconf 80' lang='lat' dir='ltr'>eques</span> <span class='ocrx_word' id='word_1_100' title='bbox 832 1961 1008 2028; x_wconf 76' lang='lat' dir='ltr'>Romanus</span> <span class='ocrx_word' id='word_1_101' title='bbox 1033 1964 1068 2029; x_wconf 87' lang='lat' dir='ltr'>C.</span> <span class='ocrx_word' id='word_1_102' title='bbox 1085 1965 1145 2028; x_wconf 83' lang='lat' dir='ltr'>Ti-</span> 
     </span>
     <span class='ocr_line' id='line_1_15' title="bbox 149 2080 1147 2170; baseline 0.001 -25"><span class='ocrx_word' id='word_1_103' title='bbox 149 2084 245 2159; x_wconf 73' lang='lat' dir='ltr'>tius,</span> <span class='ocrx_word' id='word_1_104' title='bbox 275 2085 339 2170; x_wconf 79' lang='lat' dir='ltr'>qui</span> <span class='ocrx_word' id='word_1_105' title='bbox 354 2105 426 2147; x_wconf 83' lang='lat' dir='ltr'>meo</span> <span class='ocrx_word' id='word_1_106' title='bbox 437 2081 580 2170; x_wconf 79' lang='lat' dir='ltr'>judicio</span> <span class='ocrx_word' id='word_1_107' title='bbox 593 2119 648 2148; x_wconf 92' lang='lat'>—-.</span> <span class='ocrx_word' id='word_1_108' title='bbox 695 2080 782 2146; x_wconf 88' lang='lat' dir='ltr'>Haec</span> <span class='ocrx_word' id='word_1_109' title='bbox 810 2081 942 2165; x_wconf 90' lang='lat' dir='ltr'>quidem</span> <span class='ocrx_word' id='word_1_110' title='bbox 974 2083 1068 2163; x_wconf 86' lang='lat' dir='ltr'>plura</span> <span class='ocrx_word' id='word_1_111' title='bbox 1089 2103 1147 2146; x_wconf 89' lang='lat' dir='ltr'>ne·</span> 
     </span>
     <span class='ocr_line' id='line_1_16' title="bbox 149 2198 1146 2284; baseline -0.002 -21"><span class='ocrx_word' id='word_1_112' title='bbox 149 2219 230 2264; x_wconf 89' lang='lat' dir='ltr'>cesse</span> <span class='ocrx_word' id='word_1_113' title='bbox 250 2199 349 2264; x_wconf 89' lang='lat' dir='ltr'>habui</span> <span class='ocrx_word' id='word_1_114' title='bbox 371 2204 496 2266; x_wconf 83' lang='lat' dir='ltr'>deloco</span> <span class='ocrx_word' id='word_1_115' title='bbox 516 2200 673 2284; x_wconf 89' lang='lat' dir='ltr'>impedito</span> <span class='ocrx_word' id='word_1_116' title='bbox 684 2219 829 2275; x_wconf 87' lang='lat' dir='ltr'>monere,</span> <span class='ocrx_word' id='word_1_117' title='bbox 844 2211 892 2276; x_wconf 90' lang='lat' dir='ltr'>ut,</span> <span class='ocrx_word' id='word_1_118' title='bbox 910 2198 944 2261; x_wconf 89' lang='lat' dir='ltr'>in</span> <span class='ocrx_word' id='word_1_119' title='bbox 960 2218 1026 2283; x_wconf 92' lang='lat' dir='ltr'>quo</span> <span class='ocrx_word' id='word_1_120' title='bbox 1045 2199 1146 2282; x_wconf 85' lang='lat' dir='ltr'>scrip-</span> 
     </span>
     <span class='ocr_line' id='line_1_17' title="bbox 149 2317 1148 2404; baseline 0.002 -25"><span class='ocrx_word' id='word_1_121' title='bbox 149 2329 182 2380; x_wconf 94' lang='lat' dir='ltr'>to</span> <span class='ocrx_word' id='word_1_122' title='bbox 205 2317 406 2383; x_wconf 86' lang='lat' dir='ltr'>notationem</span> <span class='ocrx_word' id='word_1_123' title='bbox 432 2331 621 2402; x_wconf 85' lang='lat' dir='ltr'>temporum</span> <span class='ocrx_word' id='word_1_124' title='bbox 646 2317 884 2404; x_wconf 76' lang='lat' dir='ltr'>diligentissime</span> <span class='ocrx_word' id='word_1_125' title='bbox 903 2328 1086 2399; x_wconf 87' lang='lat' dir='ltr'>persecutus</span> <span class='ocrx_word' id='word_1_126' title='bbox 1106 2317 1148 2381; x_wconf 89' lang='lat' dir='ltr'>sit</span> 
     </span>
     <span class='ocr_line' id='line_1_18' title="bbox 149 2432 1046 2524; baseline -0.001 -24"><span class='ocrx_word' id='word_1_127' title='bbox 149 2432 282 2513; x_wconf 87' lang='lat' dir='ltr'>Cicero,</span> <span class='ocrx_word' id='word_1_128' title='bbox 304 2438 432 2524; x_wconf 80' lang='lat' dir='ltr'>gravim</span> <span class='ocrx_word' id='word_1_129' title='bbox 455 2439 572 2504; x_wconf 78' lang='lat' dir='ltr'>sitium</span> <span class='ocrx_word' id='word_1_130' title='bbox 594 2437 789 2504; x_wconf 89' lang='lat' dir='ltr'>commisisse</span> <span class='ocrx_word' id='word_1_131' title='bbox 811 2459 852 2501; x_wconf 89' lang='lat' dir='ltr'>ne</span> <span class='ocrx_word' id='word_1_132' title='bbox 873 2437 1046 2502; x_wconf 84' lang='lat' dir='ltr'>videretur.</span> 
     </span>
     <span class='ocr_line' id='line_1_19' title="bbox 190 2545 1151 2643; baseline -0.001 -24"><span class='ocrx_word' id='word_1_133' title='bbox 190 2553 332 2620; x_wconf 87' lang='lat' dir='ltr'>Faciunt</span> <span class='ocrx_word' id='word_1_134' title='bbox 357 2556 456 2643; x_wconf 91' lang='lat' dir='ltr'>igitur</span> <span class='ocrx_word' id='word_1_135' title='bbox 478 2545 579 2634; x_wconf 83' lang='lat' dir='ltr'>baec,</span> <span class='ocrx_word' id='word_1_136' title='bbox 600 2569 638 2621; x_wconf 90' lang='lat' dir='ltr'>ut</span> <span class='ocrx_word' id='word_1_137' title='bbox 656 2555 713 2621; x_wconf 86' lang='lat' dir='ltr'>sua</span> <span class='ocrx_word' id='word_1_138' title='bbox 734 2553 924 2640; x_wconf 81' lang='lat' dir='ltr'>Hieronymi</span> <span class='ocrx_word' id='word_1_139' title='bbox 949 2553 1054 2620; x_wconf 80' lang='lat' dir='ltr'>verbis</span> <span class='ocrx_word' id='word_1_140' title='bbox 1068 2555 1151 2618; x_wconf 80' lang='lat' dir='ltr'>fidet·</span> 
     </span>
     <span class='ocr_line' id='line_1_20' title="bbox 148 2671 1148 2761; baseline -0.002 -24"><span class='ocrx_word' id='word_1_141' title='bbox 148 2685 218 2738; x_wconf 80' lang='lat' dir='ltr'>stet.</span> <span class='ocrx_word' id='word_1_142' title='bbox 238 2671 412 2761; x_wconf 76' lang='lat' dir='ltr'>Pergamus</span> <span class='ocrx_word' id='word_1_143' title='bbox 428 2676 498 2758; x_wconf 88' lang='lat' dir='ltr'>jam</span> <span class='ocrx_word' id='word_1_144' title='bbox 517 2687 614 2760; x_wconf 87' lang='lat' dir='ltr'>atque</span> <span class='ocrx_word' id='word_1_145' title='bbox 625 2674 824 2760; x_wconf 77' lang='lat' dir='ltr'>indagemus,</span> <span class='ocrx_word' id='word_1_146' title='bbox 843 2693 925 2736; x_wconf 93' lang='lat' dir='ltr'>num</span> <span class='ocrx_word' id='word_1_147' title='bbox 937 2683 1148 2738; x_wconf 86' lang='lat' dir='ltr'>verastatue-</span> 
     </span>
     <span class='ocr_line' id='line_1_21' title="bbox 149 2788 1145 2880; baseline -0.003 -26"><span class='ocrx_word' id='word_1_148' title='bbox 149 2791 212 2867; x_wconf 90' lang='lat' dir='ltr'>rit,</span> <span class='ocrx_word' id='word_1_149' title='bbox 234 2792 293 2876; x_wconf 87' lang='lat' dir='ltr'>qui</span> <span class='ocrx_word' id='word_1_150' title='bbox 307 2791 421 2858; x_wconf 87' lang='lat' dir='ltr'>Lucilii</span> <span class='ocrx_word' id='word_1_151' title='bbox 442 2806 583 2857; x_wconf 86' lang='lat' dir='ltr'>mortem</span> <span class='ocrx_word' id='word_1_152' title='bbox 609 2796 649 2858; x_wconf 87' lang='lat' dir='ltr'>ad</span> <span class='ocrx_word' id='word_1_153' title='bbox 666 2813 790 2857; x_wconf 89' lang='lat' dir='ltr'>annum</span> <span class='ocrx_word' id='word_1_154' title='bbox 803 2793 865 2856; x_wconf 80' lang='lat'>651</span> <span class='ocrx_word' id='word_1_155' title='bbox 883 2788 974 2880; x_wconf 81' lang='lat'>(103)</span> <span class='ocrx_word' id='word_1_156' title='bbox 988 2789 1145 2854; x_wconf 83' lang='lat' dir='ltr'>retulerit.</span> 
     </span>
     <span class='ocr_line' id='line_1_22' title="bbox 151 2905 1145 2994; baseline -0.005 -21"><span class='ocrx_word' id='word_1_157' title='bbox 151 2905 224 2994; x_wconf 88' lang='lat' dir='ltr'>Qua</span> <span class='ocrx_word' id='word_1_158' title='bbox 242 2910 277 2973; x_wconf 90' lang='lat' dir='ltr'>in</span> <span class='ocrx_word' id='word_1_159' title='bbox 300 2931 335 2974; x_wconf 89' lang='lat' dir='ltr'>re</span> <span class='ocrx_word' id='word_1_160' title='bbox 355 2911 433 2974; x_wconf 89' lang='lat' dir='ltr'>haec</span> <span class='ocrx_word' id='word_1_161' title='bbox 457 2911 519 2975; x_wconf 90' lang='lat' dir='ltr'>tria</span> <span class='ocrx_word' id='word_1_162' title='bbox 533 2925 629 2976; x_wconf 89' lang='lat' dir='ltr'>erunt</span> <span class='ocrx_word' id='word_1_163' title='bbox 650 2909 896 2974; x_wconf 86' lang='lat' dir='ltr'>consideranda:</span> <span class='ocrx_word' id='word_1_164' title='bbox 917 2907 1145 2992; x_wconf 82' lang='lat' dir='ltr'>primumque</span> 
     </span>
    </p>
   </div>
   <div class='ocr_carea' id='block_1_3' title="bbox 143 3019 1148 3352">
    <p class='ocr_par' dir='ltr' id='par_1_3' title="bbox 143 3019 1148 3352">
     <span class='ocr_line' id='line_1_23' title="bbox 151 3019 1148 3120; baseline -0.005 -28"><span class='ocrx_word' id='word_1_165' title='bbox 151 3049 238 3093; x_wconf 78' lang='lat' dir='ltr'>nnnc</span> <span class='ocrx_word' id='word_1_166' title='bbox 264 3029 318 3093; x_wconf 74' lang='lat' dir='ltr'>lea</span> <span class='ocrx_word' id='word_1_167' title='bbox 328 3029 472 3095; x_wconf 81' lang='lat' dir='ltr'>Licinia</span> <span class='ocrx_word' id='word_1_168' title='bbox 493 3041 619 3120; x_wconf 78' lang='lat' dir='ltr'>rogata</span> <span class='ocrx_word' id='word_1_169' title='bbox 642 3019 710 3107; x_wconf 80' lang='lat' dir='ltr'>sit,</span> <span class='ocrx_word' id='word_1_170' title='bbox 730 3051 834 3116; x_wconf 77' lang='lat' dir='ltr'>quam</span> <span class='ocrx_word' id='word_1_171' title='bbox 858 3028 1059 3092; x_wconf 83' lang='lat' dir='ltr'>memoravit</span> <span class='ocrx_word' id='word_1_172' title='bbox 1072 3023 1148 3088; x_wconf 73' lang='lat' dir='ltr'>tu·</span> 
     </span>
     <span class='ocr_line' id='line_1_24' title="bbox 151 3135 1148 3234; baseline -0.005 -24"><span class='ocrx_word' id='word_1_173' title='bbox 151 3147 281 3224; x_wconf 76' lang='lat' dir='ltr'>cilius,</span> <span class='ocrx_word' id='word_1_174' title='bbox 311 3149 452 3212; x_wconf 85' lang='lat' dir='ltr'>alterum</span> <span class='ocrx_word' id='word_1_175' title='bbox 483 3171 566 3213; x_wconf 80' lang='lat' dir='ltr'>num</span> <span class='ocrx_word' id='word_1_176' title='bbox 583 3146 688 3234; x_wconf 82' lang='lat' dir='ltr'>sacta</span> <span class='ocrx_word' id='word_1_177' title='bbox 723 3149 773 3211; x_wconf 82' lang='lat' dir='ltr'>rit</span> <span class='ocrx_word' id='word_1_178' title='bbox 809 3168 832 3209; x_wconf 86' lang='lat' dir='ltr'>a</span> <span class='ocrx_word' id='word_1_179' title='bbox 855 3135 1013 3209; x_wconf 74' lang='lat' dir='ltr'>Cicerone</span> <span class='ocrx_word' id='word_1_180' title='bbox 1045 3141 1084 3206; x_wconf 83' lang='lat' dir='ltr'>ds</span> <span class='ocrx_word' id='word_1_181' title='bbox 1113 3165 1148 3206; x_wconf 81' lang='lat' dir='ltr'>eo</span> 
     </span>
     <span class='ocr_line' id='line_1_25' title="bbox 143 3261 1147 3352; baseline -0.006 -22"><span class='ocrx_word' id='word_1_182' title='bbox 143 3266 225 3352; x_wconf 83' lang='lat' dir='ltr'>jum</span> <span class='ocrx_word' id='word_1_183' title='bbox 243 3276 379 3330; x_wconf 80' lang='lat' dir='ltr'>mortuo</span> <span class='ocrx_word' id='word_1_184' title='bbox 410 3268 449 3330; x_wconf 82' lang='lat' dir='ltr'>in</span> <span class='ocrx_word' id='word_1_185' title='bbox 474 3266 589 3331; x_wconf 80' lang='lat' dir='ltr'>libris·</span> <span class='ocrx_word' id='word_1_186' title='bbox 610 3265 650 3329; x_wconf 82' lang='lat' dir='ltr'>de</span> <span class='ocrx_word' id='word_1_187' title='bbox 683 3275 819 3329; x_wconf 81' lang='lat' dir='ltr'>oratore</span> <span class='ocrx_word' id='word_1_188' title='bbox 844 3264 993 3337; x_wconf 78' lang='lat' dir='ltr'>mentio,</span> <span class='ocrx_word' id='word_1_189' title='bbox 1014 3261 1147 3325; x_wconf 84' lang='lat' dir='ltr'>tertium</span> 
     </span>
    </p>
   </div>
   <div class='ocr_carea' id='block_1_4' title="bbox 149 3375 1151 3946">
    <p class='ocr_par' dir='ltr' id='par_1_4' title="bbox 149 3375 1149 3590">
     <span class='ocr_line' id='line_1_26' title="bbox 155 3375 1149 3470; baseline -0.007 -22"><span class='ocrx_word' id='word_1_190' title='bbox 155 3383 240 3470; x_wconf 81' lang='lat' dir='ltr'>quid</span> <span class='ocrx_word' id='word_1_191' title='bbox 262 3375 484 3448; x_wconf 46' lang='lat' dir='ltr'>&#39;intellexerit</span> <span class='ocrx_word' id='word_1_192' title='bbox 504 3383 692 3458; x_wconf 71' lang='lat' dir='ltr'>Horatios,</span> <span class='ocrx_word' id='word_1_193' title='bbox 726 3380 905 3446; x_wconf 75' lang='lat' dir='ltr'>Lucilium</span> <span class='ocrx_word' id='word_1_194' title='bbox 934 3402 1067 3443; x_wconf 80' lang='lat' dir='ltr'>eonem</span> <span class='ocrx_word' id='word_1_195' title='bbox 1083 3402 1149 3465; x_wconf 84' lang='lat' dir='ltr'>cp·</span> 
     </span>
     <span class='ocr_line' id='line_1_27' title="bbox 149 3495 298 3590; baseline 0 -22"><span class='ocrx_word' id='word_1_196' title='bbox 149 3495 298 3590; x_wconf 74' lang='lat' dir='ltr'>pollone.</span> 
     </span>
    </p>

    <p class='ocr_par' dir='ltr' id='par_1_5' title="bbox 156 3615 1151 3946">
     <span class='ocr_line' id='line_1_28' title="bbox 197 3615 1148 3709; baseline -0.007 -22"><span class='ocrx_word' id='word_1_197' title='bbox 197 3623 319 3709; x_wconf 89' lang='lat' dir='ltr'>Legem</span> <span class='ocrx_word' id='word_1_198' title='bbox 342 3622 501 3688; x_wconf 87' lang='lat' dir='ltr'>Liciniam</span> <span class='ocrx_word' id='word_1_199' title='bbox 527 3623 740 3688; x_wconf 88' lang='lat' dir='ltr'>sumtusriem</span> <span class='ocrx_word' id='word_1_200' title='bbox 759 3629 922 3683; x_wconf 81' lang='lat' dir='ltr'>memorat</span> <span class='ocrx_word' id='word_1_201' title='bbox 954 3615 1148 3684; x_wconf 84' lang='lat' dir='ltr'>Macrobius.</span> 
     </span>
     <span class='ocr_line' id='line_1_29' title="bbox 157 3733 1145 3808; baseline -0.009 -2"><span class='ocrx_word' id='word_1_202' title='bbox 157 3740 241 3806; x_wconf 80' lang='lat' dir='ltr'>Post</span> <span class='ocrx_word' id='word_1_203' title='bbox 254 3741 403 3806; x_wconf 77' lang='lat' dir='ltr'>Didiam</span> <span class='ocrx_word' id='word_1_204' title='bbox 415 3741 559 3808; x_wconf 72' lang='lat' dir='ltr'>licinia</span> <span class='ocrx_word' id='word_1_205' title='bbox 573 3741 627 3806; x_wconf 73' lang='lat' dir='ltr'>lec</span> <span class='ocrx_word' id='word_1_206' title='bbox 641 3741 719 3806; x_wconf 84' lang='lat' dir='ltr'>lato</span> <span class='ocrx_word' id='word_1_207' title='bbox 733 3752 782 3805; x_wconf 79' lang='lat' dir='ltr'>eet</span> <span class='ocrx_word' id='word_1_208' title='bbox 795 3763 817 3803; x_wconf 89' lang='lat' dir='ltr'>a</span> <span class='ocrx_word' id='word_1_209' title='bbox 829 3736 872 3802; x_wconf 88' lang='lat' dir='ltr'>P.</span> <span class='ocrx_word' id='word_1_210' title='bbox 887 3737 1026 3802; x_wconf 76' lang='lat' dir='ltr'>Licinio</span> <span class='ocrx_word' id='word_1_211' title='bbox 1038 3733 1145 3799; x_wconf 82' lang='lat' dir='ltr'>Cros-</span> 
     </span>
     <span class='ocr_line' id='line_1_30' title="bbox 156 3853 1151 3946; baseline -0.007 -23"><span class='ocrx_word' id='word_1_212' title='bbox 156 3881 193 3923; x_wconf 78' lang='lat' dir='ltr'>so</span> <span class='ocrx_word' id='word_1_213' title='bbox 209 3859 368 3926; x_wconf 82' lang='lat' dir='ltr'>Divits¹.</span> <span class='ocrx_word' id='word_1_214' title='bbox 396 3859 544 3946; x_wconf 89' lang='lat' dir='ltr'>Eamque</span> <span class='ocrx_word' id='word_1_215' title='bbox 563 3859 683 3926; x_wconf 89' lang='lat' dir='ltr'>Gellius</span> <span class='ocrx_word' id='word_1_216' title='bbox 706 3862 838 3925; x_wconf 81' lang='lat' dir='ltr'>laudans</span> <span class='ocrx_word' id='word_1_217' title='bbox 858 3856 967 3920; x_wconf 88' lang='lat' dir='ltr'>addit:</span> <span class='ocrx_word' id='word_1_218' title='bbox 989 3853 1151 3918; x_wconf 72' lang='lat' dir='ltr'>Lucilius</span> 
     </span>
    </p>
   </div>
   <div class='ocr_carea' id='block_1_5' title="bbox 195 4145 481 4210">
    <p class='ocr_par' dir='ltr' id='par_1_6' title="bbox 195 4145 481 4210">
     <span class='ocr_line' id='line_1_31' title="bbox 195 4145 481 4210; baseline 0.01 -13"><span class='ocrx_word' id='word_1_219' title='bbox 195 4161 205 4197; x_wconf 84' lang='grc' dir='ltr'>ι</span> <span class='ocrx_word' id='word_1_220' title='bbox 243 4149 361 4200; x_wconf 77' lang='lat' dir='ltr'>Satura.</span> <span class='ocrx_word' id='word_1_221' title='bbox 379 4145 420 4210; x_wconf 86' lang='lat' dir='ltr'>ll,¹</span> <span class='ocrx_word' id='word_1_222' title='bbox 441 4149 481 4200; x_wconf 75' lang='grc' dir='ltr'>ιδ.</span> 
     </span>
    </p>
   </div>
   <div class='ocr_carea' id='block_1_6' title="bbox 0 0 1455 4986">
    <p class='ocr_par' dir='ltr' id='par_1_7' title="bbox 0 0 1455 4986">
     <span class='ocr_line' id='line_1_32' title="bbox 0 0 1455 4986; baseline 0 0"><span class='ocrx_word' id='word_1_223' title='bbox 0 0 1455 4986; x_wconf 95' lang='lat' dir='ltr'> </span> 
     </span>
    </p>
   </div>
  </div>
 </body>
</html>
