2894 4986
618 398 658 460 bi

137 574 197 638 luit
230 572 467 651 broukhusius,
503 575 651 660 quamvis
691 574 769 639 certi
802 573 882 660 quid
916 573 1137 658 pronuncian-

135 695 214 757 dum
252 713 319 756 non
354 693 417 768 sit,
452 691 530 777 quia
558 691 746 776 simpliciter
768 691 904 756 Albinus
927 694 1014 774 apud
1037 691 1139 756 Luci-

136 811 216 876 lium
253 811 474 896 appellarint.
526 810 574 876 De
607 809 734 875 Fundio
767 812 861 896 plane
884 810 964 874 nibil
1003 825 1137 878 constat.

139 929 231 994 Teste
266 927 455 994 Prisciano²
477 928 619 994 Lucilius
643 928 709 1012 ejus
732 929 858 995 nomini
880 927 959 996 xvt
983 941 1040 994 aut
1061 927 1140 993 xlv

136 1048 311 1114 satirarum
331 1047 455 1112 librum
481 1047 652 1132 inscripsit.
684 1045 816 1112 Aelium
839 1045 994 1112 Stilonem
1009 1047 1141 1115 uberior

138 1181 287 1232 ueterum
322 1165 446 1231 mentio
472 1180 589 1232 notum
623 1165 738 1231 restat.
783 1163 846 1230 Sed
868 1187 909 1230 ne
928 1167 1033 1251 jaceat
1050 1166 1143 1230 inor·

138 1299 231 1350 natus
258 1282 299 1368 Q.
313 1281 452 1348 Granius
471 1304 600 1366 praeco,
620 1283 826 1349 facetissimus
848 1283 898 1348 uir
919 1305 959 1350 ac
981 1283 1144 1350 verissima

139 1403 290 1489 antiquae
327 1401 496 1467 Romanae
531 1414 564 1467 et
590 1405 780 1468 vernaculae
814 1401 988 1468 tensitate
1022 1403 1142 1490 imago.

139 1520 224 1588 Cum
254 1541 293 1586 eo
315 1523 461 1586 multum
485 1521 580 1586 fuisse
612 1521 775 1587 Lucilium
806 1541 923 1607 eosque
948 1523 1143 1590 seinvicem

139 1639 271 1706 urbanis
293 1639 411 1705 salibus
433 1637 618 1704 lacessivisse
636 1660 713 1704 cum
733 1659 791 1724 per
807 1661 839 1704 se
857 1638 899 1705 sit
922 1639 1074 1706 credibile
1099 1641 1142 1728 ob

140 1758 331 1823 luxuriantis
358 1756 475 1844 ingenii
512 1757 755 1845 cogitationem,
789 1771 863 1824 turn
893 1778 931 1824 eo
963 1759 1143 1844 probatur,

142 1879 230 1962 quod
256 1876 466 1960 vconjunctim
503 1876 669 1961 utriusque
698 1877 738 1942 lit
757 1875 919 1945 mentiol.
965 1877 1009 1942 Et
1031 1876 1144 1944 Crasso

142 1995 276 2080 quidem
299 1994 431 2080 aliisque
465 1993 664 2078 principibus
689 1994 866 2060 incivitate
891 1995 966 2060 siris
990 1996 1144 2080 probatus

144 2114 203 2178 suit
224 2135 263 2180 ac
284 2111 468 2187 familiaris,
493 2125 529 2176 ut
548 2112 645 2196 ipsius
662 2111 887 2177 existimationi
906 2113 1041 2178 minime
1065 2135 1145 2183 tuu-

143 2233 225 2298 neris
248 2231 425 2296 obscuritas
445 2231 595 2296 officeret.
641 2228 754 2315 Neque
778 2252 854 2296 sero
876 2253 915 2296 ex
935 2233 1051 2301 humili
1064 2255 1147 2300 con·

146 2349 272 2416 ditione
285 2350 321 2414 in
342 2348 528 2433 principum
552 2347 693 2434 gratiam
713 2348 895 2413 adulatione
916 2349 1067 2434 irrepsit,
1086 2350 1143 2436 qui

144 2470 311 2536 dicacitate
332 2469 488 2532 excellens
513 2466 613 2532 libere
636 2487 673 2531 ea
691 2466 863 2543 utebatur,
886 2471 1146 2556 quandocunque

144 2587 309 2653 abutentes
340 2599 496 2670 potestate
524 2597 557 2650 et
585 2585 777 2652 auctoritate
807 2587 979 2670 optimates
999 2589 1147 2669 animad-

146 2705 329 2772 uertebatli.
374 2705 414 2768 ln
430 2725 496 2790 quo
519 2704 622 2770 officio
639 2725 704 2769 non
724 2719 853 2789 poterat
872 2727 939 2770 non
968 2708 1147 2772 uehemen-

145 2841 193 2891 ter
206 2828 336 2909 placere
354 2823 440 2886 idem
457 2821 623 2886 liberrime
643 2822 956 2908 ingeniosissimeque
968 2821 1146 2893 instituenti

147 2943 289 3020 Lucilio,
323 2941 379 3026 qui
404 2961 639 3024 saepenumero
666 2960 743 3005 curn
774 2961 969 3005 memorasse
986 2941 1020 3004 in
1045 2941 1147 3009 satiris

146 3077 296 3138 narratur
304 3059 331 3127 ⁶.
344 3058 433 3144 Quin
441 3071 543 3124 exstat
553 3059 649 3142 hujus
661 3059 707 3124 rei
722 3059 891 3145 vestigium
902 3059 935 3122 in
949 3060 1146 3146 fragmentis:

149 3301 421 3314 β*-

182 3452 194 3492 t
233 3433 546 3504 buci1.inc.sr.t.

183 3552 198 3586 ι
236 3538 361 3587 Gratum.
380 3530 425 3583 ΙΙΙ
437 3567 446 3594 ,
466 3548 490 3582 2·
510 3547 538 3598 p·
555 3531 604 3584 108
624 3528 720 3582 Krobi-

184 3633 201 3682 3
234 3631 278 3682 ct.
297 3633 379 3701 De'sp.
397 3645 453 3680 auca
471 3627 505 3678 de
523 3645 565 3680 eo.
579 3623 657 3696 'l'rsj.
677 3627 764 3696 18³9,
783 3625 850 3678 coll.
869 3641 938 3695 quse
955 3627 983 3676 in
1003 3625 1068 3680 libri
1080 3645 1149 3681 ceu.

152 3731 220 3782 suris
236 3733 366 3790 nebrunt
386 3725 498 3778 Bdlsr
520 3726 615 3792 (Heid.
636 3727 665 3784 J.
681 3724 749 3795 2839
766 3741 793 3790 p.
810 3724 974 3793 774-781),
995 3725 1148 3778 berech

154 3831 199 3898 (Ζ.
200 3831 229 3899 s.
240 3825 365 3880 Alsesrt.
378 3822 445 3892 1859
457 3839 490 3888 p..
501 3819 662 3890 iob-408).
680 3821 794 3874 March.
808 3821 879 3884 Apr-
898 3819 965 3889 1839
985 3837 1011 3886 p.
1021 3837 1074 3896 777
1084 3839 1146 3892 sqq.

186 3926 204 3977 t
239 3922 371 3976 cinari
389 3917 652 3982 Fam.lX‚t5,a.
758 3977 760 3984 Ι
803 3959 805 3967 ,

185 4020 201 4070 ⁵
229 4023 254 4082 ΙΙ
264 4020 290 4070 d.
304 4035 357 4089 pro
381 4017 482 4070 Plane.
509 4014 593 4080 mv,
611 4015 656 4068 33.

183 4117 199 4170 6
234 4119 252 4167 1
262 4116 287 4168 d.
308 4118 396 4166 Bruto
413 4113 459 4176 46,
482 4129 540 4182 ¹⁷²·
