2888 4972
123 569 271 634 tribuum
311 569 391 632 ratio
427 567 460 630 in
493 568 654 632 librorum
679 583 819 632 numero
849 569 1045 644 baberetur.
1077 593 1136 636 ex-

122 689 261 772 spectari
286 685 464 770 potuisset,
488 687 622 770 singulis
641 709 718 749 eum
743 684 831 751 libris
848 690 1053 774 singularum
1074 692 1138 753 tri-

122 809 227 870 buum
247 807 379 888 plenam
405 804 608 868 mentionem
637 805 764 880 fecisse,
798 819 830 868 et
854 827 906 869 eos
928 807 1133 888 potissimum

122 927 233 988 titulos
267 924 470 1006 praefixisse,
503 923 560 1006 qui
586 922 736 986 tribubus
762 927 1003 1006 responderent.
1038 923 1133 1008 Quod

123 1046 247 1106 sactum
267 1063 333 1104 non
356 1061 420 1104 esse
440 1041 513 1104 inde
539 1050 649 1122 potet,
676 1041 751 1124 quin
778 1040 1134 1106 Daornmeoneilt'um

121 1177 154 1224 et
187 1159 332 1245 Collyra
368 1163 464 1241 plane
495 1159 589 1222 alieni
623 1159 709 1222 tituli
739 1174 825 1223 sunt.
873 1160 993 1224 Parum
1022 1176 1132 1224 autern

123 1279 296 1342 verisimile
324 1291 394 1352 est,
427 1276 616 1352 Lucilium,
639 1297 739 1358 quern
764 1283 896 1358 poetam
921 1280 1133 1364 cognorimus

122 1396 240 1483 ingenii
275 1399 305 1458 ri
342 1415 380 1458 ao
414 1398 541 1458 fervore
578 1395 775 1472 florentem,
806 1397 948 1482 singulus
985 1399 1133 1480 deinceps

122 1513 226 1577 tribba
256 1513 359 1577 satiris
383 1513 446 1576 suis
480 1512 673 1594 arripuisse,
709 1531 747 1575 or
758 1513 822 1576 line
853 1527 886 1580 et
906 1517 1005 1578 modo
1022 1515 1133 1580 omnia

122 1631 334 1715 disposuisse,
358 1645 396 1694 ut
425 1652 558 1697 carmen
588 1633 699 1694 ederet
718 1635 807 1714 quod
830 1632 927 1715 ipsius
951 1633 1039 1696 urbis
1063 1634 1129 1699 Ro·

123 1773 193 1816 rnae
228 1749 477 1834 descriptionem
511 1765 698 1814 accuratam
730 1751 930 1828 contineret,
954 1767 987 1816 et
1008 1753 1040 1816 in
1064 1755 1132 1840 ejus

122 1869 304 1954 quisquiliis
335 1889 375 1934 ao
404 1867 622 1934 nebulonibus
643 1870 792 1934 notandis
816 1885 1009 1935 versaretur.
1035 1867 1131 1954 Quod

121 1990 179 2054 nisi
212 2003 395 2065 statuatur,
437 1991 587 2074 ineptum
623 2009 699 2054 sane
732 1991 901 2076 negotium
932 1991 1053 2066 suerit,
1089 1993 1129 2056 ud

120 2107 270 2174 tribuum
295 2128 474 2174 numerum
500 2107 664 2173 librorum
687 2131 865 2172 numerum
887 2109 1014 2194 exigere
1040 2111 1130 2174 telle.

123 2223 199 2290 Veri
227 2243 337 2291 autem
371 2226 507 2292 similius
539 2241 605 2302 est,
641 2227 797 2290 urbanae
818 2245 892 2290 eum
919 2243 951 2290 et
976 2231 1132 2291 rusticas

123 2343 228 2409 tribrls
262 2345 438 2428 separatim
468 2367 655 2432 aggressum
684 2369 771 2422 esse,
806 2347 905 2430 idque
928 2361 1038 2429 putere
1062 2350 1132 2430 opi-

120 2483 180 2527 nor
213 2465 335 2528 collutis
370 2463 446 2528 libri
477 2463 585 2549 quarti
616 2477 648 2527 et
679 2465 785 2549 quinti
808 2467 1009 2551 argurnentls
1032 2487 1129 2549 snpra

119 2566 275 2646 indicatis.
321 2579 411 2665 Quid
433 2581 562 2668 igitur?
607 2580 695 2647 Num
719 2585 931 2650 defendemus
960 2584 1131 2667 antiquam

118 2716 150 2765 et
175 2721 388 2765 communem
416 2701 566 2766 codicum
596 2701 792 2783 scripturum
822 2701 855 2762 in
884 2700 1038 2766 Varronis
1060 2705 1131 2766 loco

118 2817 311 2884 Lucretium
333 2818 550 2882 habentium?
582 2818 759 2894 lilibeum,
785 2821 840 2882 etsi
869 2821 1027 2902 receperit
1054 2820 1128 2884 Lu-

118 2937 273 3012 cilium,
306 2951 416 3000 tamen
453 2951 552 3021 negat
579 2941 687 3002 lorum
712 2937 794 3014 sibi,
815 2959 855 3002 eo
877 2939 1009 3002 nomint·
1035 2942 1131 3004 lesti-

119 3071 209 3130 tuto‚
229 3069 436 3139 personatum
461 3057 573 3120 rideri.
599 3055 682 3120 ltttti
706 3079 796 3120 secus
822 3057 952 3120 videtur
975 3059 1126 3122 etlucilo

118 3173 199 3236 mibi
243 3175 439 3256 persuadeo,
481 3172 636 3238 Varronis
671 3189 775 3238 astute
814 3175 883 3238 Luc
897 3176 928 3238 lii
955 3175 1067 3240 satiras
1095 3176 1129 3240 in

115 3314 257 3356 uuum
288 3304 331 3356 et
355 3295 558 3380 viginti
583 3292 681 3357 libros
707 3293 820 3356 divisas
847 3293 967 3358 luisse?
1000 3292 1065 3377 Qui
1088 3299 1126 3358 ad

118 3409 320 3474 Herennium
353 3413 393 3476 de
426 3410 585 3480 rhetorica
610 3411 755 3494 scripsit,
785 3422 865 3494 opus
888 3431 985 3475 suum
1009 3413 1125 3478 edidis·

114 3549 146 3593 se
175 3551 204 3592 a.
230 3529 297 3593 oto
321 3526 413 3618 (ill),¹
446 3529 709 3612 probabilitatem
727 3529 848 3604 secuti,
881 3531 1125 3614 conjecimus¹;

115 3668 133 3710 a
152 3665 223 3732 qno
243 3667 347 3730 quum
357 3650 463 3734 prior
475 3647 590 3712 Lucilii
604 3647 687 3710 liber
707 3663 908 3714 memoratus
923 3649 1127 3722 inveniatur,

114 3763 325 3828 manifestum
357 3785 422 3830 esse
443 3755 747 3841 arbitrati'sttmus‚
782 3787 821 3829 eo
844 3779 993 3849 tempore
1014 3765 1130 3850 bipar-

114 3883 235 3958 titam,
259 3905 361 3970 quum
384 3885 426 3948 ob
450 3885 518 3968 ipso
542 3889 638 3968 poe'ta
662 3885 830 3950 inductam
855 3884 1125 3970 significavimus,

111 4002 301 4067 divisionem
324 4004 508 4068 obtinuisse.
548 4004 638 4067 Libri
663 4003 817 4069 Varronis
839 4005 878 4068 de
904 4001 1016 4094 lingua
1032 4005 1124 4074 tau-

147 4185 156 4220 t
197 4169 282 4238 Βίῳ.
301 4167 320 4220 1.
343 4187 368 4238 p.
393 4185 450 4238 top.

606 4274 642 4338 17
