2894 4986
662 392 703 458 13

224 569 396 659 Colligitur
415 568 509 648 binc,
526 569 732 654 impuberem
751 567 915 634 Lucilium
936 569 1115 637 interfuisse
1126 591 1183 637 re-

181 688 240 756 bus
261 693 303 756 ad
324 688 538 755 Numantiam
561 689 655 776 gestis
676 710 715 756 ac
736 689 837 754 fidem
847 687 1031 754 habendam
1043 689 1181 776 Vellej0.

180 805 270 894 Quae
292 829 398 894 quum
420 829 480 892 per
502 829 627 872 annum
649 819 683 874 et
704 807 831 872 circiter
854 819 918 873 tres
936 827 1060 874 memet
1081 810 1184 875 dura-

183 927 310 1004 verint,
344 925 515 991 verisimile
543 940 613 1003 est,
648 924 973 992 tertiumdecimum
996 927 1106 992 aetatis
1127 949 1186 992 an·

181 1065 262 1110 uum
291 1044 474 1132 ingressum
507 1065 586 1110 cum
616 1041 764 1129 Scipione
797 1041 906 1110 Romi
939 1063 978 1109 eo
998 1047 1186 1128 profectum

182 1185 244 1228 esse
278 1184 357 1229 cum
392 1163 503 1229 ceteris
525 1162 734 1248 aequalibus,
768 1161 825 1247 qui
846 1162 933 1250 grati
954 1176 1057 1228 essent
1078 1163 1188 1248 impe-

182 1282 293 1349 ratori.
350 1280 411 1346 Illa
450 1295 562 1348 autem
595 1293 805 1366 praematura
843 1280 961 1347 militie
989 1281 1117 1348 sublata
1138 1295 1187 1347 eat

188 1399 226 1467 C.
262 1399 402 1466 Gracchi
431 1399 600 1466 tribunitia
633 1399 765 1487 legal,
789 1399 1001 1485 quadriennio
1031 1413 1105 1483 post
1121 1381 1187 1465 ex·

183 1519 280 1584 mam
313 1517 527 1586 Numantiam
549 1521 695 1604 perlata,
718 1539 784 1604 qua
810 1539 916 1603 quum
938 1531 1123 1597 careretur,
1146 1541 1187 1585 ne

185 1636 255 1720 quis
275 1636 362 1700 inira
382 1636 549 1702 decimum
568 1637 746 1720 septimum
763 1636 873 1702 aetatis
898 1657 1021 1702 annum
1037 1640 1078 1704 ad
1094 1638 1187 1703 mili·

182 1755 261 1820 tiam
274 1767 455 1842 cogeretur,
468 1753 659 1842 intelligitur
669 1753 854 1839 impuberes
867 1777 934 1824 non
944 1757 1052 1823 colum
1068 1758 1189 1822 uolun-

183 1875 279 1942 tarios
298 1887 374 1941 ante
385 1876 482 1940 lectos
497 1875 610 1952 fuisse,
630 1877 685 1940 sed
696 1887 819 1941 coaetos
831 1877 911 1941 adeo
922 1876 1055 1942 militiae
1066 1897 1189 1942 nomen

185 1996 272 2062 dere.
312 1993 461 2059 Tandem
483 2015 575 2072 vero,
596 1995 684 2079 quod
706 1993 835 2081 gravius
857 1993 1031 2060 offenditur
1042 1993 1187 2081 Baylius,

184 2116 331 2202 equitem
352 2113 504 2180 militasse
526 2112 691 2177 Lucilium
714 2114 801 2196 apud
822 2111 988 2197 Vellejum
1000 2112 1187 2195 perhiberi,

185 2255 268 2298 uana
298 2253 394 2298 causa
423 2245 489 2308 eet,
522 2230 683 2316 siquidem
714 2230 897 2296 amicorum
917 2229 1010 2294 illam
1033 2230 1188 2309 turbam,

186 2371 286 2437 quam
306 2372 417 2416 secum
449 2349 566 2416 habuit
597 2345 727 2434 Scipio„
744 2347 907 2434 equitibus
927 2347 1102 2414 constitisse
1114 2349 1190 2416 inde

185 2467 400 2534 verisimiliter
423 2467 572 2533 contendi
595 2477 719 2552 potest,
751 2467 840 2551 quod
862 2465 1021 2544 Rutilius,
1045 2466 1191 2553 quisine

186 2587 288 2652 dubio
317 2587 354 2651 in
383 2585 496 2652 iisdem
519 2585 605 2662 fuit,
628 2585 750 2670 quippe
772 2584 898 2651 Lucilio
918 2585 946 2651 si
969 2584 1077 2652 minus
1099 2600 1192 2653 aeta-

182 2717 218 2770 te
244 2703 380 2770 inferior
418 2715 505 2770 certe
538 2703 697 2789 aequalis,
721 2715 862 2788 quatuor
891 2702 1041 2787 equitum
1071 2705 1189 2772 turmis

186 2826 366 2907 praefectus
388 2823 452 2888 suit
474 2821 502 2890 ².

229 2939 368 3006 Sublato
392 2943 453 3006 hoc
475 2939 576 3027 Brylii
598 2939 855 3025 impedimento,
869 2938 1007 3005 dooalia
1029 2939 1192 3010 Wuell-

191 3061 278 3126 neri
301 3059 424 3148 Verges
444 3059 576 3147 attingit
585 3073 620 3126 et
631 3059 725 3125 tollit.
750 3056 919 3134 ldaenim,
935 3055 1036 3142 Baylii
1053 3057 1192 3123 rationi-

189 3177 248 3243 bus
265 3192 393 3256 motus,
403 3191 501 3266 negat
511 3200 544 3244 se
554 3193 690 3263 propter
700 3176 809 3245 aetatis
820 3175 1002 3253 discrimen,
1018 3177 1106 3261 quod
1120 3176 1193 3242 Lu·

189 3299 301 3364 cilium
316 3297 402 3364 inter
424 3313 457 3364 et
475 3296 661 3382 Scipionem
682 3319 720 3363 ac
742 3296 906 3362 Lucilium
929 3295 1122 3373 intercessit,
1145 3315 1194 3362 as·

188 3417 411 3502 sentiriposse
455 3415 646 3484 scholiastae
668 3415 872 3501 Cruquieno,
895 3417 1046 3498 exemplo
1068 3415 1193 3480 confir-

189 3537 317 3611 manti,
360 3557 516 3623 megnam
557 3534 736 3601 clarissimis
769 3532 949 3599 duumviris
984 3553 1061 3598 cum
1096 3537 1193 3617 posita

190 3653 395 3721 intercessisse
431 3654 695 3722 familiaritatem.
751 3650 860 3738 Quam
893 3651 1088 3720 sententiam
1116 3666 1192 3737 apte

207 3893 482 3908 mna—n·—

226 4044 238 4080 r
272 4029 372 4084 etos.
394 4029 467 4084 Vita
485 4032 514 4084 G.
535 4029 627 4085 (lni-

225 4139 242 4180 2
275 4125 370 4197 App.
387 4123 438 4179 Ι.Ι.
