2888 4972
317 953 508 1082 liucrnn
528 1003 850 1082 FRAGMENTA,
873 995 1224 1093 colerensem

326 1165 328 1173 ’
437 1143 439 1148 ’
525 1187 526 1190 ¹
605 1143 915 1217 ntrumtunr.
1034 1175 1038 1184 ·

671 1487 925 1546 .ἶ’

315 1774 434 1872 Solvi,
458 1815 542 1880 quae
567 1814 778 1878 receperam,
803 1815 905 1881 quam
919 1795 1012 1880 potui
1024 1795 1272 1883 religiosissime.

257 1912 359 1980 then
376 1927 500 1978 tamen
528 1916 695 1990 multum,
729 1925 767 1978 ut
800 1935 884 2000 quae
904 1915 1064 1980 illustrare
1081 1911 1193 1981 studui
1213 1927 1269 1978 aut

257 2035 299 2098 ad
323 2034 484 2117 majorem
504 2033 737 2130 probalitatem
759 2035 956 2116 perducere,
975 2047 1087 2117 patere
1109 2053 1268 2099 censeam.

257 2151 368 2238 Quare
389 2127 543 2217 futurum
558 2155 668 2236 speie,
686 2142 780 2217 ut'si
792 2151 851 2236 qui
871 2151 935 2226 sint
958 2148 1270 2250 quidisrentiant—

251 2262 339 2356 'quos
353 2257 417 2336 ‘me
440 2238 617 2364 nacturum
640 2271 769 2356 confido
780 2305 822 2318 -
836 2249 960 2336 urliane
978 2243 1176 2352 dissentiant,
1188 2270 1271 2334 ami

258 2411 295 2455 ce
314 2403 494 2466 moneant,
521 2392 731 2455 vehementer
753 2391 979 2474 persuadeant.
1014 2388 1054 2454 In
1077 2385 1273 2474 primiore

258 2530 315 2586 ro,
347 2523 386 2574 ut
421 2508 537 2574 Lucilii
568 2508 762 2596 fragmentis
793 2531 851 2586 ea,
884 2531 985 2596 quam
1020 2509 1118 2575 multi
1143 2510 1270 2574 dudum

141 2653 144 2662 ¹
258 2631 470 2718 flagitarunt,
493 2651 573 2696 cura
592 2627 822 2715 impendatur,
846 2643 935 2716 opto.
976 2631 1194 2716 Accepimus,
1212 2650 1274 2695 no·

260 2772 314 2816 vas
342 2773 361 2815 a
395 2749 595 2815 Gerlacho
619 2761 653 2813 et
680 2748 956 2815 Lindemanno
1000 2747 1095 2814 Nonii
1124 2747 1272 2816 Marcelli

260 2870 414 2936 editiones
446 2868 553 2953 parari
579 2888 717 2954 eosque,
743 2866 808 2934 suis
840 2889 1008 2954 quemque
1030 2868 1196 2934 bonorum
1215 2890 1273 2936 co·

259 2989 371 3055 dicum
392 2988 538 3054 subsidiis
553 2988 769 3064 instructum,
787 3008 868 3088 opu?
882 2987 964 3052 illud
974 2985 1158 3072 suscepisse.
1180 2985 1276 3074 Quae

262 3131 311 3174 rer
329 3122 366 3173 ut
388 3128 541 3192 prospere
554 3110 646 3172 cedat
666 3105 783 3193 quanti
799 3107 960 3171 momenti
983 3107 1024 3172 sit
1045 3107 1097 3185 iic,
1111 3105 1168 3192 qui
1185 3107 1274 3172 anti-

260 3227 392 3313 quitatis
424 3227 556 3292 studiosi
583 3239 680 3304 sunt,
714 3247 828 3292 omner
863 3239 1011 3305 norunt,
1042 3226 1100 3312 qui
1127 3224 1273 3292 Nonium

260 3349 515 3432 persolverunt3
549 3346 734 3430 plurimum
761 3355 874 3411 tamen
891 3342 1008 3412 Lucilii
1024 3343 1120 3411 must
1139 3345 1273 3412 interes·

258 3488 314 3545 se,
347 3467 439 3551 cujur
466 3467 616 3551 reliquias
647 3487 804 3554 magnam
835 3478 964 3549 partem
992 3465 1077 3532 illiue
1097 3466 1271 3532 industriae

260 3585 437 3661 debemus,
474 3605 575 3649 nemo
603 3585 746 3672 negabit.
792 3583 892 3650 Juvat
920 3584 1021 3672 igitur
1041 3583 1097 3651 hic
1116 3587 1273 3650 nonnulla

263 3708 381 3771 addere
407 3703 587 3783 Luciliano,
610 3725 693 3790 quae
712 3704 831 3789 passim
852 3705 978 3790 reperi,
1002 3707 1198 3772 etnondum
1210 3707 1272 3771 eol·

263 3828 346 3891 lecta
365 3846 429 3890 esse
451 3823 530 3891 scio.
