2894 4986
769 355 810 416 22

291 559 419 622 quoquc
435 535 526 624 logie
542 538 651 600 tettae
675 537 832 600 meminit
850 536 889 599 ia
907 533 964 599 ltie
986 532 1099 598 verbis
1115 532 1305 621 (venibua):

297 654 435 742 legem
453 655 629 720 vitemu'
653 649 849 718 htotntt.
869 648 1307 738 Quumdeoeterielcffibm

289 771 481 837 tumtuariie
504 773 572 836 iere
594 769 845 855 comtetquibus
870 767 963 834 annio
982 769 1166 846 latuerint,
1190 770 1308 836 dehac

210 977 214 983 Δ
293 891 383 954 nullo
396 903 486 954 certo
497 888 615 953 indicio
626 887 739 973 liquet.
762 887 889 974 Bayiiru
909 887 1022 952 retulit
1034 908 1107 952 eam
1121 889 1167 952 ad
1177 906 1307 954 annum

293 1006 422 1074 circiter
442 1008 505 1072 657
530 1003 625 1096 (97),
657 1019 745 1072 ratur
767 1029 787 1070 a
810 1003 923 1072 erano
941 1007 1071 1072 consule
1091 1007 1204 1072 latam
1230 1025 1307 1094 crac.

292 1124 371 1210 Ejus
404 1124 596 1190 sententiam
618 1145 725 1210 quum
748 1123 883 1208 plurimi
906 1135 1009 1188 meent
1026 1124 1156 1200 cccuti,
1177 1125 1308 1190 dicten-

291 1243 333 1309 sit
359 1243 497 1330 Varget,
528 1242 609 1329 qui,
636 1244 736 1326 paulo
769 1242 862 1308 altius
880 1262 952 1307 rem
974 1255 1146 1325 repetens,
1170 1241 1307 1317 statuit,

294 1360 440 1428 aCraeao
458 1360 591 1425 tribuno
613 1360 713 1445 plebia
731 1381 798 1428 non
820 1363 967 1438 comula,
991 1360 1128 1446 ideoque
1145 1359 1308 1426 tredecim

294 1478 386 1544 annu
420 1491 495 1544 anto
531 1480 596 1546 ott
624 1476 741 1569 (110),
776 1498 858 1563 quac
881 1479 950 1562 ipra
970 1478 1073 1566 Pighii
1095 1479 1213 1563 opinio
1238 1479 1310 1542 suc·

297 1610 371 1675 rat,
392 1599 492 1662 latam
522 1617 596 1662 mae.
649 1597 689 1662 Id
721 1596 842 1680 duplici
877 1611 1073 1684 argumento
1108 1597 1309 1681 persuadere

295 1726 450 1791 conatur,
474 1714 630 1799 quoniam
650 1727 683 1779 et
701 1711 927 1780 Sammonicus
957 1711 1094 1781 Serenus
1115 1717 1210 1798 apud
1232 1710 1310 1780 Ma-

297 1830 447 1898 crobium
467 1831 653 1920 plerosquo
672 1831 869 1898 aumtuarias
889 1835 973 1918 leget
998 1833 1310 1918 apraetorihuaaut

240 1953 243 1960 '
297 1949 435 2016 munais
454 1953 592 2034 perlatae
611 1972 675 2016 cere
691 1963 836 2028 tentatur,
857 1963 890 2016 et
901 1949 949 2017 M.
961 1949 1108 2027 Duroni,
1132 1950 1192 2036 qui
1216 1967 1308 2015 rum·

298 2070 422 2136 tuariaa
442 2070 519 2158 legia
533 2069 705 2159 (Liciniam
724 2066 888 2156 intelligit)
905 2071 1064 2136 tollendae
1078 2069 1111 2133 in
1131 2069 1308 2134 tribunatu

297 2201 411 2254 auctor
444 2188 585 2266 dicitur,
615 2187 682 2272 ipae
711 2188 765 2253 hic
795 2187 1001 2275 magistratutt
1028 2187 1161 2254 hiennio
1183 2205 1307 2254 contu·

298 2308 404 2372 latum
424 2302 528 2372 Craaai
550 2305 760 2372 antecesserit.
798 2304 927 2370 Horum
957 2306 1045 2392 priua
1068 2317 1307 2393 argumentum

298 2442 366 2486 non
385 2423 531 2487 multum
554 2424 683 2499 valera,
704 2423 771 2508 ipae
792 2424 919 2490 aeneiae
934 2425 1062 2491 videtur
1079 2425 1226 2512 vargas,
1248 2443 1308 2488 tu·

299 2538 440 2622 opinatur
451 2536 711 2619 sammonicum,
722 2542 770 2624 ita
785 2542 1075 2626 pronunciantem,
1091 2544 1131 2608 de
1150 2544 1223 2610 aliia
1235 2545 1308 2608 ior-

300 2671 379 2722 tasac
395 2656 520 2744 legibus
543 2659 694 2746 cogitante
716 2674 749 2727 ct
772 2661 933 2746 prioribus
952 2659 1073 2728 Orchia
1096 2674 1130 2726 ct
1152 2657 1307 2728 Cornelii

300 2774 539 2860 posterioribus.
586 2775 700 2863 Itaque
722 2778 803 2844 nihil
823 2779 950 2857 obstat,
972 2781 1147 2864 quominut
1169 2793 1238 2848 trea
1257 2780 1308 2843 le-

300 2915 354 2984 get
388 2896 567 2960 cumularet
606 2895 700 2962 iuictc
727 2910 901 2980 putemus,
932 2898 1110 2976 Fanniam,
1143 2897 1306 2966 Liciniam

302 3025 336 3078 et
355 3011 562 3080 Corneliam:
597 3035 662 3098 qua
689 3014 841 3099 opinione
857 3019 944 3082 calva
963 3017 1026 3083 crit
1042 3015 1243 3083 Sammonici
1268 3037 1308 3080 a·

300 3129 538 3209 nimadvercio,
560 3151 628 3197 non
648 3151 760 3198 omnen
773 3145 900 3217 praeter
912 3133 1071 3200 Fanniam
1084 3181 1094 3214 ,
1107 3136 1306 3223 tedpicrar·

302 3268 366 3336 qm
385 3268 407 3311 a
427 3249 631 3332 praetoribus
652 3262 711 3314 aut
730 3248 867 3317 tribunis
887 3267 1014 3340 ropatat
1037 3275 1114 3319 este.
1158 3251 1224 3320 Sed
1245 3273 1305 3320 ac·

306 3364 449 3430 curatius
471 3368 627 3450 perpendi
649 3380 796 3452 oportet,
824 3391 942 3436 verane
960 3371 1025 3437 aint
1043 3385 1076 3438 et
1099 3373 1190 3438 omni
1203 3369 1306 3440 dubio

304 3484 455 3568 majora,
485 3505 569 3567 quae
598 3486 638 3550 dc
662 3485 784 3554 Licinia
813 3491 900 3574 apud
926 3488 1095 3557 Valerium
1119 3489 1305 3556 Maximum

304 3601 510 3687 intelligenda
529 3601 655 3685 scripsit
669 3603 802 3691 Vargee.
826 3606 997 3674 Aooeatiaac
1017 3629 1050 3674 aa
1072 3608 1126 3674 illc
1137 3609 1224 3675 idem
1235 3621 1306 3676 ata·

305 3717 410 3785 tuenti
429 3717 647 3786 Boxmonno²
669 3722 811 3802 fatetur,
828 3734 862 3790 ct
873 3725 1012 3809 probare
1023 3742 1194 3814 propterea
1216 3725 1305 3815 qnod

341 4015 355 4054 ι
395 3998 438 4065 11,
457 3999 508 4065 ni,
526 4014 570 4054 ιο.

341 4117 358 4154 a
390 4100 434 4151 De
450 4097 524 4168 legg.
540 4108 678 4152 rumtuar·
696 4099 731 4152 Ι..
749 4101 780 4156 Β.
801 4105 885 4160 1816·¹
