2888 4972
308 535 408 615 ipsius
426 536 508 596 vitae
529 539 593 596 lata
617 537 733 598 chartis
755 537 901 599 illeverat
926 535 1106 600 variialocis
1120 537 1223 602 saria.
1245 535 1321 604 Jam

311 665 357 726 ut,
381 655 466 715 unde
481 653 623 734 profecti·
637 674 772 728 sumus,
796 657 984 729 redeamus,
1009 654 1154 738 quisquis
1166 655 1324 720 attentius

311 770 380 844 illa,
408 793 491 854 quae
519 772 705 835 Lactantius
737 794 754 835 e
786 772 911 836 Lucilio
937 775 1051 837 hausta
1073 773 1181 855 posuit
1198 794 1325 858 nosque

312 890 503 967 retulimus,
537 891 637 954 rerba
661 891 790 976 legerit,
818 892 994 955 consentiet
1014 911 1050 956 ea
1075 891 1169 955 unice
1192 891 1227 954 in
1249 889 1326 956 Sci-

312 989 445 1090 pionem
485 1011 667 1091 quadrare,
704 1009 759 1092 qui
791 1007 1025 1094 Carthaginem
1057 1023 1089 1072 et
1106 1007 1325 1073 Numantiam

311 1126 445 1200 delevit,
471 1126 616 1212 ingentes
640 1125 675 1188 in
700 1127 819 1189 urbem
838 1127 962 1190 divitias
983 1128 1123 1203 invexit,
1147 1127 1239 1191 auxit
1257 1127 1327 1190 im·

310 1245 440 1323 perium
463 1245 594 1327 prolatis
617 1245 758 1321 finibus,
783 1245 951 1330 vectigalia
965 1246 1098 1309 meliora
1119 1246 1207 1310 fecit.
1230 1243 1329 1328 Qua·

310 1381 346 1423 re
368 1362 422 1425 illa
449 1361 575 1426 virtutis
594 1363 802 1438 delinitione,
824 1363 984 1427 Albinum
1000 1366 1222 1446 compellans,
1249 1383 1327 1426 usus

310 1501 374 1543 ease
415 1480 557 1554 videtur,
593 1494 629 1544 ut
659 1481 689 1543 ei
720 1481 869 1563 deinceps
914 1478 1123 1562 Scipionem,
1163 1493 1327 1563 tanquam

310 1598 550 1661 nobilissimum
587 1601 733 1662 laudatae
766 1599 893 1664 virtutis
914 1602 1126 1682 exemplum,
1147 1598 1189 1662 ob
1212 1600 1325 1662 oculos

312 1729 449 1797 poneret
478 1729 510 1778 et
534 1717 629 1800 digne
655 1720 912 1781 commendaret.
960 1717 1069 1800 Atque
1094 1717 1168 1780 inde
1191 1718 1327 1780 lortasoe

312 1833 442 1896 initium
466 1835 533 1916 ejtu
560 1835 712 1898 laudandi
739 1835 842 1898 duxit.
889 1833 959 1898 Hoc
978 1855 1054 1898 sana
1074 1831 1209 1898 decebat
1233 1854 1324 1908 eum,

314 1952 370 2035 qui
397 1953 453 2014 uni
482 1951 597 2016 virtuti
630 1965 663 2016 et
690 1953 817 2017 virtutis
842 1953 954 2017 amicis
972 1973 1116 2036 aequum
1141 1973 1174 2014 sa
1193 1952 1329 2034 profite-

313 2071 421 2134 batur.
467 2070 577 2135 Lubet
594 2085 703 2134 autem
731 2072 864 2157 vestigia
878 2071 1047 2154 persequi,
1067 2091 1152 2152 quae
1173 2069 1210 2133 in
1235 2073 1329 2156 frag·

315 2190 431 2252 mentis
452 2187 637 2272 Scipionem
659 2188 879 2254 Aemilianum
896 2203 1040 2272 spectare
1059 2188 1223 2252 videatur.

358 2309 396 2370 In
420 2309 530 2370 multis
548 2329 631 2392 quae
656 2306 1007 2391 Scipionijamseuiori
1030 2306 1174 2370 Lucilius
1193 2307 1323 2370 adoles·

278 2453 287 2468 ·
314 2429 460 2489 contulus
482 2427 613 2500 debuit,
634 2427 702 2489 sine
716 2426 816 2489 dubio
833 2427 914 2488 illud
927 2425 998 2499 suit,
1013 2427 1100 2510 quod
1113 2425 1247 2509 linguae
1262 2425 1328 2488 La·

315 2543 401 2607 tinae
423 2545 620 2630 singularem
640 2543 791 2626 peritiam
815 2557 942 2608 mature
965 2542 1236 2626 consequebatur.
1262 2540 1329 2607 Sci-

318 2663 407 2745 pioni
424 2665 511 2726 enim
537 2677 574 2727 ut
599 2667 687 2728 haud
707 2665 859 2749 exiguam
879 2665 1010 2726 laudem
1032 2662 1218 2744 eloquentia
1237 2675 1329 2726 attu-

315 2782 377 2860 lit,
411 2805 475 2866 qua
504 2783 548 2846 sic
580 2783 733 2846 inclaruit
753 2781 787 2844 in
811 2781 1019 2865 aequalibus,
1039 2793 1077 2842 ut
1100 2801 1178 2843 cum
1203 2778 1329 2844 Catone

316 2914 348 2965 et
385 2901 491 2964 Laelio
514 2903 601 2964 velut
624 2901 749 2964 Atticus
777 2901 1004 2964 Romanorum
1028 2899 1205 2962 haberetur
1220 2895 1260 2972 ¹,
1285 2899 1328 2962 ita

316 3021 459 3103 eJ'usdem
494 3040 692 3104 magnopore
723 3017 904 3080 celebratur
936 3031 1088 3080 accurata
1120 3014 1232 3080 Latini
1261 3037 1330 3078 ser-

319 3137 422 3199 monis
460 3136 611 3221 cognitio.
657 3133 742 3198 Nam
774 3157 878 3218 quum
911 3133 1096 3196 communis
1120 3132 1233 3208 illius,
1267 3155 1330 3216 qua

317 3253 446 3328 ssoruit,
471 3255 581 3317 aetatis
608 3257 675 3316 laus
697 3265 776 3318 esset
801 3253 917 3316 Latine
937 3251 1109 3335 loquendi,
1125 3265 1240 3314 tamea
1255 3272 1330 3315 con·

318 3383 380 3432 stat
408 3373 557 3434 cranium
580 3371 691 3436 aetatis
715 3392 790 3435 suae
816 3369 985 3453 purissime
1010 3371 1160 3432 locutum
1183 3367 1329 3432 esseSri-

320 3487 494 3569 pionem2.
542 3488 633 3571 Quae
667 3489 784 3552 Lucilii
822 3489 939 3554 deinde
957 3488 990 3550 in
1014 3488 1077 3551 hoc
1097 3487 1233 3572 linguae
1253 3487 1331 3550 lite·

319 3629 501 3689 rarumque
535 3609 642 3670 studio
667 3606 823 3672 industria
846 3628 883 3669 ac
900 3604 1069 3698 diligentia
1089 3605 1214 3682 suerit,
1239 3606 1331 3670 intel·

318 3727 432 3812 ligitur
457 3725 554 3800 inde,
577 3727 665 3806 quod
695 3725 726 3786 in
747 3724 834 3788 libro
855 3725 1032 3788 satirarum
1059 3745 1147 3787 nono
1171 3727 1212 3786 de
1239 3725 1333 3788 rania

359 4029 367 4064 t
410 4017 485 4064 cte.
506 4018 586 4064 Brut.
608 4031 649 4065 at·
674 4017 814 4084 Quint,
836 4019 906 4065 luat.
928 4019 972 4064 Or.
996 4011 1066 4070 ΧΙΙ,
1089 4028 1131 4062 ιο.

357 4132 370 4165 a
410 4113 509 4164 Gall.
533 4113 569 4172 ll,
598 4131 639 4174 20,
661 4112 686 4164 5.
