2894 4986
760 339 799 402 18

274 513 426 583 turbetur
452 514 577 582 Afranii
613 517 728 580 comici
748 526 855 592 aetas,
883 517 1019 600 quaein
1051 519 1157 582 multo
1179 517 1269 602 prius

273 649 402 721 tempus
434 637 574 700 refertur
609 633 782 718 aVcllej0.
828 631 936 699 Claro
964 637 1071 700 etiam
1090 658 1156 722 per
1178 633 1269 701 idem

275 755 351 819 oevi
372 755 527 840 spatium
541 748 646 838 suere
667 753 832 840 ingenio,
864 755 905 816 in
932 757 1070 841 togatis
1093 752 1248 840 Asconii
1261 798 1271 828 ‚

273 874 314 936 ἐπ
338 871 531 961 tragoediis
553 867 703 934 Pacuuii
724 881 825 955 atque
837 869 939 935 Aces'i
952 872 976 935 ¹.
1000 871 1153 936 Disertius
1171 872 1270 936 idem.

276 988 321 1054 Iu
333 987 436 1054 Accio
454 991 612 1076 circoque
633 1011 708 1053 eum
723 985 879 1052 Romam
903 990 1085 1079 tragoedia
1107 1003 1167 1066 est,
1190 989 1274 1055 det-

282 1130 396 1194 cesque
421 1106 548 1171 Latini
575 1105 701 1194 leporis
724 1105 879 1193 facetiae
902 1130 967 1194 per
995 1107 1185 1173 Caecilium
1210 1106 1242 1172 T
1238 1130 1275 1173 s-

275 1229 491 1314 reniumque
509 1238 542 1291 et
565 1224 760 1314 Ascanium
771 1229 919 1314 suppari
931 1227 1273 1292 uetcteuitueruw.

277 1345 484 1412 Manifestum
498 1346 575 1411 hinc
597 1358 661 1422 est,
685 1345 838 1431 aVellejo
851 1347 1023 1412 Afranium
1035 1347 1275 1432 propemodum

277 1467 445 1552 aequalem
486 1465 564 1549 poni
600 1464 762 1532 Terentio.
817 1463 933 1550 Velleji
964 1464 1064 1552 igitur
1103 1467 1276 1530 auctoritas

279 1605 356 1650 cum
392 1583 446 1651 vix
479 1598 625 1668 suspecta
657 1605 721 1648 esse
742 1583 860 1667 possit,
889 1596 1068 1649 statuamus
1088 1605 1211 1650 necesse
1230 1598 1279 1650 cst

278 1701 350 1768 fieri
381 1722 447 1768 non
477 1723 589 1786 posse,
618 1697 656 1767 u't
676 1700 800 1766 Afranii
816 1715 899 1766 aetas
921 1704 962 1767 ad
985 1699 1146 1768 Ciceronis
1168 1704 1278 1768 locum

281 1821 438 1908 exigatur.
483 1819 606 1887 Contra
629 1822 654 1886 si
682 1821 826 1886 suasione
848 1820 925 1908 legis
941 1820 1083 1886 Fanniae
1102 1820 1178 1885 Titii
1202 1841 1280 1886 ora·

282 1939 359 2005 toria
381 1950 519 2004 aetatem
542 1941 652 2026 aliquo
670 1941 771 2004 modo
789 1939 919 2006 definiri
940 1960 1031 2023 posse
1043 1953 1129 2006 recte
1143 1953 1281 2004 conten-

281 2058 407 2134 dimus,
431 2071 519 2143 patet
539 2055 729 2124 Ciceronem
751 2077 826 2122 vere
848 2057 1026 2141 scripsisse,
1065 2058 1099 2122 in
1122 2057 1282 2123 imitando

282 2175 369 2242 Titio
392 2175 565 2242 Afranium
588 2176 703 2253 fuisse,
726 2189 760 2241 at
777 2175 873 2240 simul
890 2197 1013 2241 necesse
1036 2175 1097 2241 erit
1113 2178 1282 2261 utriusque

284 2306 421 2360 aetatem
439 2295 481 2359 ad
501 2293 590 2378 prius
603 2307 731 2376 tempus
753 2297 884 2359 referre.
928 2290 1160 2377 Quaerendum
1182 2294 1283 2381 igitur

285 2423 405 2490 restat,
429 2412 514 2475 unde
539 2409 685 2476 Ciceroni
710 2423 778 2476 tom
797 2410 902 2498 gravis
922 2432 1014 2476 error
1024 2412 1198 2489 exstiterit,
1215 2433 1284 2497 quo

287 2529 435 2596 inductus
469 2527 653 2596 Macrobius
685 2527 810 2594 Titium
828 2529 1013 2595 Lucilianae
1041 2530 1150 2596 aetatis
1173 2553 1283 2596 suurn

287 2647 466 2733 appellarit.
512 2645 545 2712 Si
579 2647 658 2733 quid
677 2647 790 2725 video,
813 2646 926 2713 Cicero
942 2649 1077 2734 quidem
1100 2649 1167 2734 ipse
1187 2651 1284 2734 culpi

289 2765 370 2832 liber
400 2779 465 2843 eet,
488 2767 592 2830 omnis
614 2781 724 2832 autem
748 2787 839 2831 error
859 2769 1049 2850 repetendus
1073 2789 1112 2834 ex
1136 2789 1173 2834 ea
1192 2768 1286 2834 Bruti

289 2885 488 2953 Ciceronieni
500 2886 648 2964 editione,
658 2907 760 2972 quem
773 2885 988 2972 Hieronymus
998 2899 1170 2953 memorat.
1191 2883 1289 2952 Non·

287 3005 395 3084 nulli,
417 3004 479 3081 ait,
503 3007 608 3069 etium
633 3008 672 3070 irs
690 3003 803 3070 Bruto
821 3005 995 3070 Ciceronis
1016 3003 1157 3094 dialogo
1184 3004 1291 3092 suci·

289 3135 376 3199 unt,
396 3135 436 3188 ut
453 3145 527 3187 sum
550 3127 588 3186 in
614 3134 684 3186 tras
701 3135 822 3210 portes
844 3134 970 3194 secent,
993 3145 1069 3184 curn
1087 3145 1176 3188 ursus
1193 3146 1216 3188 a
1227 3148 1290 3190 suc

325 3427 337 3465 ι
374 3406 417 3474 ll,
434 3427 461 3480 9.

327 3525 343 3562 a
377 3505 468 3578 l,17·
503 3506 605 3560 Eodem
625 3508 721 3561 ordine
737 3504 924 3578 Quintilianus
948 3507 1056 3563 eosdem
1084 3510 1177 3576 politas
1204 3508 1293 3559 retest

294 3609 368 3663 lust.
397 3607 491 3660 Orutt.
517 3604 556 3668 Χ,
577 3621 604 3670 s,
631 3621 659 3674 p.
687 3623 746 3676 ²²7·
793 3602 858 3674 Quo
883 3604 965 3671 magis
993 3612 1060 3671 puto
1095 3601 1293 3656 restituendum

296 3701 454 3756 Afranii
472 3719 569 3755 nomeu
585 3701 656 3768 apud
677 3702 857 3756 Gellium
874 3700 976 3764 xvtt,
995 3717 1038 3756 ar·
1073 3704 1170 3772 Neque
1191 3717 1294 3772 magno

297 3799 447 3854 interuallo
478 3811 545 3873 post
581 3816 615 3850 ee
646 3800 721 3868 (post
748 3795 910 3866 legationem
938 3806 1022 3850 trmm
1052 3795 1292 3864 philosophorum)

299 3899 335 3966 Q.
363 3899 477 3950 Bauius
502 3910 530 3952 et
553 3899 641 3962 iustu
668 3897 829 3960 Caecilius,
868 3905 896 3948 et
940 3897 1088 3948 Terentius
1117 3913 1151 3946 ae
1176 3893 1295 3946 subinde

298 3995 470 4067 [Afranius]
496 4005 525 4050 et
552 3995 716 4060 Pacuvius,
734 4006 763 4047 et
789 3995 915 4047 Pacuuio
925 3994 988 4062 jum
1004 4013 1069 4046 sens
1087 3993 1209 4056 Accius,
1229 3991 1275 4043 clu

293 4093 412 4164 sistque
434 4103 500 4144 tune
518 4094 547 4144 iu
564 4092 741 4162 poimutibus
759 4109 850 4144 eorum
868 4091 1061 4144 obtrectandis
1078 4087 1294 4159 Buciiiussuit.
