2860 4974
739 387 800 450 too

263 565 389 652 lausque
409 584 621 631 communem
638 561 674 630 in
696 565 794 630 satira
808 564 916 648 inepte
928 567 1138 649 postularent.
1172 563 1271 652 Quod

265 687 315 750 sel
344 684 490 750 adhibita
527 683 624 748 Ennii
653 683 754 751 verba
785 685 1020 749 demonstrant.
1073 683 1147 750 Non
1183 685 1274 750 enim

262 801 396 868 lloratio
423 801 507 868 serio
520 801 555 867 in
578 814 725 866 mentem
748 802 859 868 venire
872 814 1023 886 poterat,
1045 801 1171 888 epicam
1190 807 1273 887 poe'-

259 922 334 997 sin,
369 943 452 1006 quaa
476 919 654 988 verborum
676 920 859 1007 granditate
886 934 919 985 et
941 923 1108 1006 majestate
1135 924 1274 988 excelle·

260 1054 328 1117 ret,
352 1061 556 1116 memorare,
578 1051 615 1103 ut
634 1060 711 1106 curn
736 1053 1009 1125 eaoomparatam
1021 1040 1272 1126 satiram,quae

261 1158 381 1222 humili
404 1178 556 1222 sermone
578 1171 612 1222 et
634 1155 702 1222 siue
733 1159 818 1222 inatu
844 1157 1028 1235 incederet,
1064 1161 1274 1224 detrectaret.

262 1273 353 1362 Quin
376 1277 531 1342 meditate
554 1296 607 1340 eos
643 1275 727 1360 ipsos
760 1275 858 1340 Ermii
883 1298 991 1342 versus
1014 1275 1191 1355 excitavit,
1211 1276 1273 1362 qui

260 1396 446 1482 grandiores
470 1408 595 1470 essent,
619 1415 723 1479 quum
741 1394 819 1460 alios
839 1395 1002 1479 potuisset,
1028 1415 1111 1481 quos
1139 1398 1274 1486 gravi-

262 1527 334 1580 tate
358 1516 538 1580 asinos-ael
562 1515 678 1580 risisset
697 1513 852 1580 Lucilius.
897 1512 1059 1601 Quocirca
1078 1531 1165 1582 recte
1189 1518 1272 1584 exis·

259 1633 468 1710 timebimus,
500 1655 567 1698 non
602 1634 842 1718 reprehendisse
867 1634 901 1700 id
932 1635 966 1700 iu
990 1635 1116 1702 Lucilio
1138 1635 1272 1702 Horati-

259 1774 340 1830 um,
372 1755 461 1838 quod
490 1773 598 1820 uersus
628 1753 696 1838 ejus
725 1753 757 1818 vi
783 1767 931 1818 carerent
949 1754 1042 1837 epica
1060 1763 1094 1820 et
1112 1755 1180 1820 acri
1197 1755 1271 1842 spi·

257 1876 322 1940 ritu
353 1873 497 1943 destituti
522 1887 644 1952 essem,
666 1876 721 1938 sed
740 1873 805 1938 stili
829 1875 897 1959 ejus
909 1875 1142 1962 negligentiam
1165 1889 1200 1941 et
1216 1875 1270 1942 iu·

248 1995 382 2060 curiam
405 1991 574 2076 carpsisse,
604 2013 671 2076 qua
692 1993 816 2056 lactum
841 2005 921 2057 essct
940 2005 979 2058 ut
997 1996 1153 2060 ducentos
1172 2016 1269 2078 saepe

257 2114 292 2178 in
325 2114 405 2178 hora
426 2132 533 2179 tersus
555 2110 701 2176 dictaret.
748 2108 844 2196 Quod
875 2111 1005 2178 additur
1032 2123 1071 2176 ut
1098 2135 1268 2202 mgnum

255 2231 435 2318 significat:
462 2229 578 2295 velutsi
599 2229 711 2316 magni
729 2229 891 2294 momenti
908 2251 958 2295 res
980 2244 1061 2296 esset
1088 2245 1122 2296 et
1140 2231 1269 2296 inaudi-

248 2350 323 2414 tal.
369 2347 457 2414 Num
489 2346 590 2433 igitur
610 2369 647 2412 ea
666 2347 734 2430 ipsa
754 2350 906 2412 facultate
919 2349 1125 2433 aliquantum
1144 2371 1267 2435 super-

252 2469 380 2535 biverat
396 2465 563 2532 Lucilius?
594 2465 703 2532 Potius
719 2469 816 2532 credo
835 2469 1095 2536 adversariorum
1117 2467 1264 2548 Horatii,

254 2585 370 2652 Lucilii
382 2585 619 2650 admiratorum
637 2607 675 2650 ee
688 2585 878 2666 verbaesse3
903 2609 983 2674 quos
996 2587 1095 2656 etiam
1108 2588 1266 2674 objicien-

253 2721 300 2772 tes
317 2703 464 2770 induxit:
491 2729 508 2770 «
527 2703 571 2769 At
593 2726 761 2793 magnum
782 2705 881 2782 lecit,
905 2708 996 2792 quod
1012 2706 1119 2773 verbis
1138 2706 1266 2774 Graeca

255 2825 377 2895 Latinis
406 2823 534 2890 miscuit
547 2822 555 2885 Ξ
569 2845 587 2886 u
602 2824 828 2912 Irridetigitur
844 2846 908 2902 eos,
923 2827 980 2912 qui
992 2826 1264 2912 obstupescebant

253 2943 433 3019 incredibili
459 2943 514 3008 illa
540 2941 654 3006 Lucilii
678 2941 849 3022 facilitate3
873 2944 997 3029 quippe
1012 2945 1080 3034 ipse¹
1101 2967 1209 3014 eraro
1234 2959 1268 3012 et

251 3084 415 3148 perpauca
430 3061 604 3128 scribens»
619 3083 685 3126 non
707 3063 830 3128 morari
854 3084 887 3126 se
901 3063 1087 3142 fatebatur,
1112 3079 1150 3129 ut
1171 3068 1266 3130 mul·

255 3197 325 3246 tum
346 3181 519 3264 scripsisset
543 3179 684 3246 Lucilius
698 3179 724 3244 3.
771 3179 880 3266 Atque
898 3181 931 3246 in
949 3181 1008 3246 ista
1031 3183 1166 3266 quidem
1191 3207 1264 3250 ver·

251 3323 348 3366 suum
383 3300 476 3382 copia
504 3300 646 3382 paranda
674 3301 843 3362 aemulum
865 3300 932 3383 ejus
954 3303 1165 3366 recordamur
1179 3303 1263 3368 sub-

251 3421 420 3504 aequalem
451 3416 660 3494 Ciceronem,
682 3417 738 3502 qui
756 3418 887 3496 dicitur,
914 3422 1053 3502 ὁπηνίκα
1077 3425 1164 3506 ῥυείη
1186 3426 1263 3506 πρὸς

286 3839 297 3880 1
339 3827 401 3876 Set.
423 3823 447 3883 l,
473 3839 516 3884 ιο,
535 3821 579 3874 st.

282 3939 298 3974 2
333 3921 377 3972 ef.
409 3921 470 3972 Sit.
491 3919 522 3985 l,
543 3937 592 3984 ro,
612 3921 645 3992 ⁵9
670 3921 715 3973 nbi
734 3919 797 3974 boc
822 3927 956 3974 tantum
975 3921 1067 3976 endem
1086 3925 1190 3977 rarione
1209 3923 1253 3976 in·

247 4017 395 4086 terpretnri
412 4017 554 4082 debemus,
572 4021 673 4088 quippe
692 4020 899 4087 appositionem.

282 4117 300 4168 3
335 4117 406 4168 Boii.
425 4115 451 4180 l,
470 4117 498 4177 4,
520 4117 562 4180 13,
588 4117 629 4168 ιθ.
