2860 4974
777 409 836 472 162

302 588 387 652 llaec
406 585 531 652 Lucilio
553 587 615 652 tuit
634 587 761 651 virtutis
787 609 879 650 verae
905 594 1156 654 conmmmlatio.
1198 591 1308 674 Quam

298 707 469 792 diligenter
494 709 713 792 attendentes,
729 705 1000 791 singularumque
1021 708 1216 774 delinitionis
1236 731 1311 795 prat·

299 827 381 887 tium
403 823 562 888 rationem
589 824 837 909 investigantes,
861 838 977 906 sponte
989 828 1209 909 assequimur,
1226 849 1311 912 quae

299 942 377 1006 vitia
401 939 515 1005 uirtuti
538 941 700 1005 contraria
718 941 820 1005 satiris
844 955 1027 1024 permeatus
1048 945 1099 1008 sit.
1146 943 1208 1008 Sed
1234 949 1311 1008 lraee

297 1060 448 1147 quamvis
469 1061 662 1144 praecipua,
701 1073 812 1125 tnrnen
838 1081 903 1124 non
926 1062 1021 1126 unica
1042 1065 1178 1130 materia
1198 1071 1312 1148 poetae

297 1181 371 1244 fuit.
405 1178 488 1242 Nam
504 1178 628 1242 serrido
645 1179 699 1240 illc
718 1179 848 1264 ingenio
867 1180 1042 1261 praeditus,
1068 1185 1157 1266 quod
1175 1203 1309 1248 omnem

296 1297 500 1362 sedulitatem
525 1296 808 1380 meditationisque
835 1297 994 1362 studiosae
1016 1320 1144 1362 moram
1168 1302 1312 1388 fugiebat

297 1439 336 1484 ae
359 1415 526 1500 liberrime
539 1413 735 1500 agitabatur,
749 1435 815 1497 quo
835 1417 968 1480 fortuma
992 1431 1029 1481 ut
1048 1433 1162 1483 tentus
1176 1419 1312 1493 serebat,

299 1536 367 1620 ipsa
396 1555 516 1602 sertim
543 1533 829 1598 describendarum
847 1535 1003 1599 varietate
1027 1550 1186 1619 perpetua
1206 1539 1313 1602 deleo

299 1651 443 1718 tabatnr.
490 1649 606 1734 ltaque
635 1651 825 1732 impellente
856 1671 894 1715 ac
916 1651 1053 1735 jubente
1082 1655 1216 1732 altimo,
1250 1677 1311 1720 non

300 1771 492 1834 moderante
520 1767 643 1852 judicio
676 1767 840 1832 scribebat
863 1783 920 1834 aut
944 1769 1109 1846 dictabat,
1132 1795 1193 1838 nec
1211 1775 1310 1860 magis

299 1896 573 1976 argumentorum
609 1886 758 1948 ordinem
792 1900 825 1951 et
859 1887 1101 1972 dispositionem
1123 1913 1226 1975 quam
1249 1895 1310 1956 fer-

299 2029 372 2070 mae
405 2004 673 2087 compositionem
705 2005 902 2068 attendebat.
967 2005 1064 2089 Quod
1096 2029 1163 2093 quo
1199 2011 1309 2074 melius

300 2126 519 2212 intelligatur,
555 2138 658 2207 utque
688 2121 830 2186 universi
864 2125 969 2207 operis
1002 2147 1085 2210 quae
1115 2129 1199 2192 ratio
1218 2130 1312 2193 luerit

298 2245 408 2328 aliquo
431 2245 531 2306 modo
553 2241 771 2325 percipiatur,
792 2262 907 2306 eorum
932 2244 1115 2319 librorum,
1134 2250 1175 2311 de
1195 2247 1311 2331 quibus

298 2365 386 2446 apud
416 2373 537 2423 veteres
566 2359 691 2422 mentio
727 2373 849 2436 exstat,
880 2381 1045 2426 summam
1070 2383 1234 2447 exponere
1257 2387 1308 2430 co-

300 2479 468 2544 nabimur.

343 2597 525 2662 Primum
543 2596 716 2660 satirarum
739 2597 863 2660 librum
882 2598 1076 2682 inscript-um
1102 2601 1197 2667 fuisse
1219 2603 1311 2668 Deo·

300 2739 390 2781 rum
413 2715 643 2778 concilium
663 2717 758 2778 docet
778 2714 981 2780 Lactantius:
1009 2717 1172 2802 «Jupiter
1197 2744 1217 2786 a
1235 2743 1312 2806 pre-

297 2835 445 2902 oantilrus
474 2845 565 2915 pater
582 2844 739 2906 vocatur,
757 2845 790 2898 et
809 2831 966 2898 Saturnus
984 2849 1017 2899 et
1037 2835 1137 2902 lanus
1162 2851 1195 2904 et
1214 2839 1309 2904 Liber

299 2973 332 3022 et
354 2955 451 3021 reteri
481 2953 649 3035 deinceps:
682 2955 771 3036 quod
790 2953 932 3020 Lucilius
951 2954 987 3018 in
1006 2957 1155 3022 Deorum
1179 2961 1313 3026 concilio
1420 3001 1421 3010 κ

299 3073 488 3140 irrideat.»
534 3069 583 3135 Ac
612 3091 647 3133 re
677 3071 801 3154 ipsein
824 3093 863 3136 eo
883 3073 1030 3139 Deorum
1055 3077 1232 3142 concilium
1258 3079 1311 3144 de·

300 3192 459 3275 scriptum
474 3187 546 3254 suit.
571 3185 657 3251 Nam
676 3185 805 3252 Servius
830 3192 870 3252 ad
879 3189 1010 3277 Virgilii
1036 3192 1137 3257 rerba
1157 3193 1314 3282 Accipite

303 3331 385 3398 orgo
405 3311 537 3374 areimis
558 3317 660 3392 utque
682 3305 762 3369 llaec
783 3329 858 3370 mea
871 3307 983 3396 figite
1007 3309 1103 3375 dictu
1132 3339 1150 3378 a
1166 3303 1313 3377 totusbic
1420 3311 1421 3318 '

300 3432 411 3501 locus,
437 3424 567 3508 inquit,
598 3426 638 3488 de
659 3425 768 3506 primo
785 3425 913 3489 Lucillii
942 3431 1114 3494 translatus
1139 3445 1185 3496 est
1208 3431 1312 3507 libro,

302 3544 359 3610 obi
371 3544 573 3607 inducuntur
585 3541 638 3604 Dii
654 3541 774 3604 babere
792 3542 965 3608 concilium
979 3559 1011 3610 et
1031 3567 1128 3633 agere
1150 3546 1257 3632 primo
1273 3551 1313 3612 de

300 3663 434 3730 interitu
446 3658 531 3744 Lupi
543 3660 710 3742 cujusdam
719 3660 836 3744 judicis
848 3662 883 3728 in
895 3663 1063 3747 republica
1075 3667 1129 3752 (al.
1139 3665 1254 3750 judicis
1266 3667 1312 3730 rei

306 3805 338 3846 v.
352 3781 444 3844 ducis
456 3779 488 3842 in
502 3773 696 3861 republica),
710 3792 819 3860 postea
837 3783 1008 3846 seritentias
1021 3783 1130 3848 dicere
1140 3785 1191 3848 'lu
1217 3783 1315 3849 Addit

339 4082 348 4116 t
394 4059 662 4128 tannimlvffl.
1419 4121 1420 4142 Χ

338 4177 355 4214 2
390 4159 437 4210 Ad
467 4159 539 4211 Aen.
574 4157 612 4220 Χ,
646 4159 706 4211 tob.
738 4159 783 4214 Ct.
812 4161 884 4216 Jal.
918 4165 1039 4232 Pomp.
1072 4163 1243 4214 Strbr'nut
1278 4167 1317 4215 ad
1419 4171 1420 4198 i
