<?xml version="1.0" encoding="UTF-8"?>
<!DOCTYPE html PUBLIC "-//W3C//DTD XHTML 1.0 Transitional//EN"
    "http://www.w3.org/TR/xhtml1/DTD/xhtml1-transitional.dtd">
<html xmlns="http://www.w3.org/1999/xhtml" xml:lang="en" lang="en">
 <head>
  <title>
</title>
<meta http-equiv="Content-Type" content="text/html;charset=utf-8" />
  <meta name='ocr-system' content='tesseract 3.04.00' />
  <meta name='ocr-capabilities' content='ocr_page ocr_carea ocr_par ocr_line ocrx_word'/>
</head>
<body>
  <div class='ocr_page' id='page_1' title='image "./studiacriticain01heusgoog_0244.png"; bbox 0 0 2888 4972; ppageno 0'>
   <div class='ocr_carea' id='block_1_1' title="bbox 615 411 681 482">
    <p class='ocr_par' dir='ltr' id='par_1_1' title="bbox 615 411 681 482">
     <span class='ocr_line' id='line_1_1' title="bbox 615 411 681 482; baseline 0 0"><span class='ocrx_word' id='word_1_1' title='bbox 615 411 681 482; x_wconf 77' lang='grc'><strong>233</strong></span> 
     </span>
    </p>
   </div>
   <div class='ocr_carea' id='block_1_2' title="bbox 143 595 1159 1500">
    <p class='ocr_par' dir='ltr' id='par_1_2' title="bbox 143 595 1159 1500">
     <span class='ocr_line' id='line_1_2' title="bbox 143 595 1154 683; baseline -0.001 -17"><span class='ocrx_word' id='word_1_2' title='bbox 143 611 213 666; x_wconf 83' lang='lat' dir='ltr'><strong>tam</strong></span> <span class='ocrx_word' id='word_1_3' title='bbox 237 599 360 662; x_wconf 88' lang='lat' dir='ltr'><strong>incerta</strong></span> <span class='ocrx_word' id='word_1_4' title='bbox 382 595 529 670; x_wconf 82' lang='lat' dir='ltr'><strong>mentio,</strong></span> <span class='ocrx_word' id='word_1_5' title='bbox 555 609 590 658; x_wconf 90' lang='lat' dir='ltr'><strong>ut</strong></span> <span class='ocrx_word' id='word_1_6' title='bbox 612 597 665 658; x_wconf 81' lang='lat' dir='ltr'><strong>vix</strong></span> <span class='ocrx_word' id='word_1_7' title='bbox 687 595 833 660; x_wconf 81' lang='lat' dir='ltr'><strong>divinsre</strong></span> <span class='ocrx_word' id='word_1_8' title='bbox 859 599 1020 672; x_wconf 77' lang='lat' dir='ltr'><strong>audeam,</strong></span> <span class='ocrx_word' id='word_1_9' title='bbox 1045 601 1154 683; x_wconf 87' lang='lat' dir='ltr'><strong>quiet</strong></span> 
     </span>
     <span class='ocr_line' id='line_1_3' title="bbox 145 709 1154 801; baseline 0.002 -22"><span class='ocrx_word' id='word_1_10' title='bbox 145 719 257 801; x_wconf 81' lang='lat' dir='ltr'><strong>quales</strong></span> <span class='ocrx_word' id='word_1_11' title='bbox 273 713 404 778; x_wconf 80' lang='lat' dir='ltr'><strong>luerint.</strong></span> <span class='ocrx_word' id='word_1_12' title='bbox 431 711 523 776; x_wconf 86' lang='lat' dir='ltr'><strong>Tales</strong></span> <span class='ocrx_word' id='word_1_13' title='bbox 534 721 612 775; x_wconf 90' lang='lat' dir='ltr'><strong>sunt</strong></span> <span class='ocrx_word' id='word_1_14' title='bbox 627 709 871 790; x_wconf 77' lang='lat' dir='ltr'><strong>Andronius,</strong></span> <span class='ocrx_word' id='word_1_15' title='bbox 884 713 1154 782; x_wconf 83' lang='lat' dir='ltr'><strong>Aristocrates</strong></span> 
     </span>
     <span class='ocr_line' id='line_1_4' title="bbox 145 825 1154 914; baseline 0.001 -18"><span class='ocrx_word' id='word_1_16' title='bbox 145 833 290 906; x_wconf 73' lang='lat' dir='ltr'>villicus,</span> <span class='ocrx_word' id='word_1_17' title='bbox 324 829 362 896; x_wconf 86' lang='lat' dir='ltr'><strong>C.</strong></span> <span class='ocrx_word' id='word_1_18' title='bbox 388 829 543 894; x_wconf 88' lang='lat' dir='ltr'><strong>Cassius</strong></span> <span class='ocrx_word' id='word_1_19' title='bbox 567 828 755 911; x_wconf 86' lang='lat' dir='ltr'><strong>operarius,</strong></span> <span class='ocrx_word' id='word_1_20' title='bbox 781 825 980 894; x_wconf 75' lang='lat' dir='ltr'><strong>Caecilius</strong></span> <span class='ocrx_word' id='word_1_21' title='bbox 1003 846 1154 914; x_wconf 86' lang='lat' dir='ltr'><strong>praetor,</strong></span> 
     </span>
     <span class='ocr_line' id='line_1_5' title="bbox 147 943 1155 1034; baseline -0.001 -20"><span class='ocrx_word' id='word_1_22' title='bbox 147 949 275 1034; x_wconf 76' lang='lat' dir='ltr'><strong>Cotys</strong></span> <span class='ocrx_word' id='word_1_23' title='bbox 307 967 367 1010; x_wconf 88' lang='lat' dir='ltr'><strong>rex</strong></span> <span class='ocrx_word' id='word_1_24' title='bbox 395 945 574 1022; x_wconf 81' lang='lat' dir='ltr'><strong>Thraciae,</strong></span> <span class='ocrx_word' id='word_1_25' title='bbox 599 943 835 1008; x_wconf 73' lang='lat' dir='ltr'><strong>Hortensius</strong></span> <span class='ocrx_word' id='word_1_26' title='bbox 853 947 980 1028; x_wconf 89' lang='lat' dir='ltr'><strong>judex,</strong></span> <span class='ocrx_word' id='word_1_27' title='bbox 1005 947 1155 1024; x_wconf 88' lang='lat' dir='ltr'><strong>Livius,</strong></span> 
     </span>
     <span class='ocr_line' id='line_1_6' title="bbox 147 1059 1158 1152; baseline -0.001 -22"><span class='ocrx_word' id='word_1_28' title='bbox 147 1065 189 1151; x_wconf 87' lang='lat' dir='ltr'><strong>Q.</strong></span> <span class='ocrx_word' id='word_1_29' title='bbox 207 1061 385 1152; x_wconf 82' lang='lat' dir='ltr'><strong>(Fabius)</strong></span> <span class='ocrx_word' id='word_1_30' title='bbox 401 1062 615 1137; x_wconf 81' lang='lat' dir='ltr'><strong>Maximus,</strong></span> <span class='ocrx_word' id='word_1_31' title='bbox 638 1059 801 1146; x_wconf 80' lang='lat' dir='ltr'><strong>Mycon,</strong></span> <span class='ocrx_word' id='word_1_32' title='bbox 824 1061 1016 1127; x_wconf 82' lang='lat' dir='ltr'><strong>Terentia</strong></span> <span class='ocrx_word' id='word_1_33' title='bbox 1037 1062 1158 1129; x_wconf 87' lang='lat' dir='ltr'><strong>Orbi-</strong></span> 
     </span>
     <span class='ocr_line' id='line_1_7' title="bbox 147 1179 1156 1262; baseline 0 -15"><span class='ocrx_word' id='word_1_34' title='bbox 147 1185 219 1258; x_wconf 90' lang='lat' dir='ltr'><strong>lia,</strong></span> <span class='ocrx_word' id='word_1_35' title='bbox 256 1182 290 1245; x_wconf 88' lang='lat' dir='ltr'><strong>P.</strong></span> <span class='ocrx_word' id='word_1_36' title='bbox 314 1181 438 1246; x_wconf 86' lang='lat' dir='ltr'><strong>Pavus</strong></span> <span class='ocrx_word' id='word_1_37' title='bbox 464 1181 687 1244; x_wconf 83' lang='lat' dir='ltr'><strong>Tuditanus</strong></span> <span class='ocrx_word' id='word_1_38' title='bbox 709 1191 882 1262; x_wconf 74' lang='lat' dir='ltr'><strong>praester,</strong></span> <span class='ocrx_word' id='word_1_39' title='bbox 912 1179 1156 1260; x_wconf 87' lang='lat' dir='ltr'><strong>Postumius,</strong></span> 
     </span>
     <span class='ocr_line' id='line_1_8' title="bbox 148 1296 1159 1387; baseline -0.002 -21"><span class='ocrx_word' id='word_1_40' title='bbox 148 1300 409 1387; x_wconf 83' lang='lat' dir='ltr'><strong>Symmachus</strong></span> <span class='ocrx_word' id='word_1_41' title='bbox 444 1298 623 1372; x_wconf 85' lang='lat' dir='ltr'><strong>bubulcus,</strong></span> <span class='ocrx_word' id='word_1_42' title='bbox 658 1296 817 1360; x_wconf 89' lang='lat' dir='ltr'><strong>Tullius</strong></span> <span class='ocrx_word' id='word_1_43' title='bbox 841 1299 965 1380; x_wconf 85' lang='lat' dir='ltr'><strong>judex,</strong></span> <span class='ocrx_word' id='word_1_44' title='bbox 990 1299 1159 1365; x_wconf 88' lang='lat' dir='ltr'><strong>Trebel-</strong></span> 
     </span>
     <span class='ocr_line' id='line_1_9' title="bbox 148 1413 1159 1500; baseline -0.001 -17"><span class='ocrx_word' id='word_1_45' title='bbox 148 1418 241 1493; x_wconf 87' lang='lat' dir='ltr'><strong>lius,</strong></span> <span class='ocrx_word' id='word_1_46' title='bbox 276 1417 461 1481; x_wconf 84' lang='lat' dir='ltr'><strong>Valerius</strong></span> <span class='ocrx_word' id='word_1_47' title='bbox 474 1415 500 1478; x_wconf 87' lang='lat'><strong>¹.</strong></span> <span class='ocrx_word' id='word_1_48' title='bbox 546 1413 658 1498; x_wconf 81' lang='lat' dir='ltr'><strong>Neque</strong></span> <span class='ocrx_word' id='word_1_49' title='bbox 680 1435 757 1479; x_wconf 83' lang='lat' dir='ltr'><strong>vero</strong></span> <span class='ocrx_word' id='word_1_50' title='bbox 775 1435 888 1478; x_wconf 85' lang='lat' dir='ltr'><strong>omues</strong></span> <span class='ocrx_word' id='word_1_51' title='bbox 908 1417 966 1480; x_wconf 86' lang='lat' dir='ltr'><strong>hos</strong></span> <span class='ocrx_word' id='word_1_52' title='bbox 990 1418 1159 1500; x_wconf 79' lang='lat' dir='ltr'><strong>probabile</strong></span> 
     </span>
    </p>
   </div>
   <div class='ocr_carea' id='block_1_3' title="bbox 149 1531 1174 1980">
    <p class='ocr_par' dir='ltr' id='par_1_3' title="bbox 149 1531 1174 1980">
     <span class='ocr_line' id='line_1_10' title="bbox 149 1531 1161 1620; baseline 0 -20"><span class='ocrx_word' id='word_1_53' title='bbox 149 1551 194 1600; x_wconf 90' lang='lat' dir='ltr'><strong>est</strong></span> <span class='ocrx_word' id='word_1_54' title='bbox 219 1557 238 1600; x_wconf 90' lang='lat' dir='ltr'><strong>a</strong></span> <span class='ocrx_word' id='word_1_55' title='bbox 267 1536 393 1598; x_wconf 89' lang='lat' dir='ltr'><strong>Lucilio</strong></span> <span class='ocrx_word' id='word_1_56' title='bbox 413 1534 531 1598; x_wconf 76' lang='lat' dir='ltr'><strong>derisos</strong></span> <span class='ocrx_word' id='word_1_57' title='bbox 564 1533 669 1596; x_wconf 81' lang='lat' dir='ltr'><strong>fuisse.</strong></span> <span class='ocrx_word' id='word_1_58' title='bbox 716 1531 906 1595; x_wconf 86' lang='lat' dir='ltr'><strong>Vectium</strong></span> <span class='ocrx_word' id='word_1_59' title='bbox 930 1535 1028 1598; x_wconf 90' lang='lat' dir='ltr'><strong>etiam</strong></span> <span class='ocrx_word' id='word_1_60' title='bbox 1053 1557 1161 1620; x_wconf 88' lang='lat' dir='ltr'><strong>quen·</strong></span> 
     </span>
     <span class='ocr_line' id='line_1_11' title="bbox 149 1649 1161 1733; baseline 0.001 -15"><span class='ocrx_word' id='word_1_61' title='bbox 149 1657 226 1718; x_wconf 83' lang='lat' dir='ltr'><strong>dam</strong></span> <span class='ocrx_word' id='word_1_62' title='bbox 250 1653 421 1715; x_wconf 78' lang='lat' dir='ltr'><strong>imectatus</strong></span> <span class='ocrx_word' id='word_1_63' title='bbox 444 1651 582 1725; x_wconf 88' lang='lat' dir='ltr'><strong>dicitur,</strong></span> <span class='ocrx_word' id='word_1_64' title='bbox 606 1670 713 1733; x_wconf 88' lang='lat' dir='ltr'><strong>neque</strong></span> <span class='ocrx_word' id='word_1_65' title='bbox 735 1649 884 1731; x_wconf 89' lang='lat' dir='ltr'><strong>ineptum</strong></span> <span class='ocrx_word' id='word_1_66' title='bbox 906 1664 1041 1715; x_wconf 88' lang='lat' dir='ltr'><strong>estcum</strong></span> <span class='ocrx_word' id='word_1_67' title='bbox 1055 1654 1161 1719; x_wconf 87' lang='lat' dir='ltr'><strong>Dousa</strong></span> 
     </span>
     <span class='ocr_line' id='line_1_12' title="bbox 150 1765 1161 1852; baseline 0.003 -19"><span class='ocrx_word' id='word_1_68' title='bbox 150 1769 323 1852; x_wconf 82' lang='lat' dir='ltr'><strong>suspicari,</strong></span> <span class='ocrx_word' id='word_1_69' title='bbox 348 1765 389 1852; x_wconf 93' lang='lat' dir='ltr'><strong>Q.</strong></span> <span class='ocrx_word' id='word_1_70' title='bbox 413 1767 601 1832; x_wconf 88' lang='lat' dir='ltr'><strong>Vectium</strong></span> <span class='ocrx_word' id='word_1_71' title='bbox 625 1766 866 1832; x_wconf 83' lang='lat' dir='ltr'><strong>Vestianum</strong></span> <span class='ocrx_word' id='word_1_72' title='bbox 890 1789 974 1844; x_wconf 88' lang='lat' dir='ltr'><strong>esse,</strong></span> <span class='ocrx_word' id='word_1_73' title='bbox 998 1784 1161 1836; x_wconf 89' lang='lat' dir='ltr'><strong>oratorem</strong></span> 
     </span>
     <span class='ocr_line' id='line_1_13' title="bbox 151 1884 1174 1980; baseline 0.001 -30"><span class='ocrx_word' id='word_1_74' title='bbox 151 1908 169 1950; x_wconf 88' lang='lat' dir='ltr'><strong>e</strong></span> <span class='ocrx_word' id='word_1_75' title='bbox 201 1885 334 1960; x_wconf 87' lang='lat' dir='ltr'><strong>Marsis,</strong></span> <span class='ocrx_word' id='word_1_76' title='bbox 369 1885 478 1948; x_wconf 79' lang='lat' dir='ltr'><strong>virum</strong></span> <span class='ocrx_word' id='word_1_77' title='bbox 502 1887 699 1966; x_wconf 86' lang='lat' dir='ltr'><strong>prudentem</strong></span> <span class='ocrx_word' id='word_1_78' title='bbox 719 1898 751 1947; x_wconf 90' lang='lat' dir='ltr'><strong>et</strong></span> <span class='ocrx_word' id='word_1_79' title='bbox 773 1884 961 1949; x_wconf 89' lang='lat' dir='ltr'><strong>indicendo</strong></span> <span class='ocrx_word' id='word_1_80' title='bbox 985 1886 1174 1980; x_wconf 38' lang='lat' dir='ltr'><strong>brevem&amp;</strong></span> 
     </span>
    </p>
   </div>
   <div class='ocr_carea' id='block_1_4' title="bbox 152 2000 1172 3262">
    <p class='ocr_par' dir='ltr' id='par_1_4' title="bbox 152 2000 1172 3262">
     <span class='ocr_line' id='line_1_14' title="bbox 152 2000 1165 2086; baseline 0.003 -18"><span class='ocrx_word' id='word_1_81' title='bbox 152 2001 350 2068; x_wconf 80' lang='lat' dir='ltr'><strong>Mentorarit</strong></span> <span class='ocrx_word' id='word_1_82' title='bbox 383 2015 551 2085; x_wconf 85' lang='lat' dir='ltr'><strong>praeterea</strong></span> <span class='ocrx_word' id='word_1_83' title='bbox 585 2001 631 2065; x_wconf 89' lang='lat' dir='ltr'><strong>M.</strong></span> <span class='ocrx_word' id='word_1_84' title='bbox 657 2000 863 2078; x_wconf 89' lang='lat' dir='ltr'><strong>Crassum,</strong></span> <span class='ocrx_word' id='word_1_85' title='bbox 898 2003 955 2086; x_wconf 90' lang='lat' dir='ltr'><strong>qui</strong></span> <span class='ocrx_word' id='word_1_86' title='bbox 989 2025 1068 2068; x_wconf 87' lang='lat' dir='ltr'><strong>avus</strong></span> <span class='ocrx_word' id='word_1_87' title='bbox 1101 2006 1165 2071; x_wconf 86' lang='lat' dir='ltr'><strong>fuit</strong></span> 
     </span>
     <span class='ocr_line' id='line_1_15' title="bbox 154 2117 1164 2204; baseline 0 -17"><span class='ocrx_word' id='word_1_88' title='bbox 154 2119 257 2187; x_wconf 84' lang='lat' dir='ltr'><strong>Crassi</strong></span> <span class='ocrx_word' id='word_1_89' title='bbox 278 2122 313 2183; x_wconf 91' lang='lat' dir='ltr'><strong>in</strong></span> <span class='ocrx_word' id='word_1_90' title='bbox 338 2119 462 2183; x_wconf 90' lang='lat' dir='ltr'><strong>Parthis</strong></span> <span class='ocrx_word' id='word_1_91' title='bbox 482 2118 660 2183; x_wconf 87' lang='lat' dir='ltr'><strong>interemti.</strong></span> <span class='ocrx_word' id='word_1_92' title='bbox 685 2119 791 2193; x_wconf 90' lang='lat' dir='ltr'><strong>Eum,</strong></span> <span class='ocrx_word' id='word_1_93' title='bbox 822 2117 997 2197; x_wconf 73' lang='grc' dir='ltr'><em>ἀγέλαστον</em></span> <span class='ocrx_word' id='word_1_94' title='bbox 1017 2125 1164 2204; x_wconf 86' lang='lat' dir='ltr'><strong>appella·</strong></span> 
     </span>
     <span class='ocr_line' id='line_1_16' title="bbox 154 2234 1164 2320; baseline 0.003 -19"><span class='ocrx_word' id='word_1_95' title='bbox 154 2249 250 2311; x_wconf 87' lang='lat' dir='ltr'><strong>tum,</strong></span> <span class='ocrx_word' id='word_1_96' title='bbox 284 2237 385 2299; x_wconf 90' lang='lat' dir='ltr'><strong>semel</strong></span> <span class='ocrx_word' id='word_1_97' title='bbox 419 2234 453 2297; x_wconf 91' lang='lat' dir='ltr'><strong>in</strong></span> <span class='ocrx_word' id='word_1_98' title='bbox 486 2235 578 2298; x_wconf 91' lang='lat' dir='ltr'><strong>omni</strong></span> <span class='ocrx_word' id='word_1_99' title='bbox 610 2235 676 2298; x_wconf 86' lang='lat' dir='ltr'><strong>vita</strong></span> <span class='ocrx_word' id='word_1_100' title='bbox 698 2235 798 2298; x_wconf 87' lang='lat' dir='ltr'><strong>risisse</strong></span> <span class='ocrx_word' id='word_1_101' title='bbox 822 2248 954 2298; x_wconf 85' lang='lat' dir='ltr'><strong>testatus</strong></span> <span class='ocrx_word' id='word_1_102' title='bbox 977 2251 1023 2300; x_wconf 89' lang='lat' dir='ltr'><strong>est</strong></span> <span class='ocrx_word' id='word_1_103' title='bbox 1046 2244 1164 2320; x_wconf 73' lang='lat' dir='ltr'><strong>poeta,</strong></span> 
     </span>
     <span class='ocr_line' id='line_1_17' title="bbox 153 2352 1164 2438; baseline 0.005 -21"><span class='ocrx_word' id='word_1_104' title='bbox 153 2375 260 2438; x_wconf 89' lang='lat' dir='ltr'><strong>neque</strong></span> <span class='ocrx_word' id='word_1_105' title='bbox 282 2353 313 2416; x_wconf 92' lang='lat' dir='ltr'><strong>id</strong></span> <span class='ocrx_word' id='word_1_106' title='bbox 336 2352 475 2415; x_wconf 80' lang='lat' dir='ltr'><strong>obfuisse</strong></span> <span class='ocrx_word' id='word_1_107' title='bbox 493 2352 668 2435; x_wconf 87' lang='lat' dir='ltr'><strong>quominus</strong></span> <span class='ocrx_word' id='word_1_108' title='bbox 692 2371 876 2437; x_wconf 70' lang='lat' dir='ltr'><strong>cstgnomen</strong></span> <span class='ocrx_word' id='word_1_109' title='bbox 889 2353 970 2416; x_wconf 91' lang='lat' dir='ltr'><strong>illud</strong></span> <span class='ocrx_word' id='word_1_110' title='bbox 982 2369 1123 2420; x_wconf 82' lang='lat' dir='ltr'><strong>servaret</strong></span> <span class='ocrx_word' id='word_1_111' title='bbox 1136 2357 1164 2423; x_wconf 77' lang='lat'><strong>⁸.</strong></span> 
     </span>
     <span class='ocr_line' id='line_1_18' title="bbox 155 2469 1167 2559; baseline 0.003 -24"><span class='ocrx_word' id='word_1_112' title='bbox 155 2471 337 2553; x_wconf 77' lang='lat' dir='ltr'><strong>Acceptum</strong></span> <span class='ocrx_word' id='word_1_113' title='bbox 356 2491 431 2532; x_wconf 88' lang='lat' dir='ltr'><strong>sane</strong></span> <span class='ocrx_word' id='word_1_114' title='bbox 453 2469 545 2534; x_wconf 87' lang='lat' dir='ltr'><strong>nobis</strong></span> <span class='ocrx_word' id='word_1_115' title='bbox 566 2481 655 2543; x_wconf 88' lang='lat' dir='ltr'><strong>esset,</strong></span> <span class='ocrx_word' id='word_1_116' title='bbox 679 2469 704 2532; x_wconf 88' lang='lat' dir='ltr'><strong>si</strong></span> <span class='ocrx_word' id='word_1_117' title='bbox 728 2481 906 2544; x_wconf 89' lang='lat' dir='ltr'><strong>constaret,</strong></span> <span class='ocrx_word' id='word_1_118' title='bbox 931 2491 996 2554; x_wconf 90' lang='lat' dir='ltr'><strong>qua</strong></span> <span class='ocrx_word' id='word_1_119' title='bbox 1012 2472 1167 2559; x_wconf 71' lang='lat' dir='ltr'><strong>singulari</strong></span> 
     </span>
     <span class='ocr_line' id='line_1_19' title="bbox 156 2585 1168 2670; baseline 0.004 -20"><span class='ocrx_word' id='word_1_120' title='bbox 156 2587 402 2670; x_wconf 84' lang='lat' dir='ltr'><strong>opportunitate</strong></span> <span class='ocrx_word' id='word_1_121' title='bbox 436 2589 525 2648; x_wconf 87' lang='lat' dir='ltr'><strong>frons</strong></span> <span class='ocrx_word' id='word_1_122' title='bbox 562 2585 616 2647; x_wconf 91' lang='lat' dir='ltr'><strong>illa</strong></span> <span class='ocrx_word' id='word_1_123' title='bbox 651 2605 761 2649; x_wconf 86' lang='lat' dir='ltr'><strong>severe</strong></span> <span class='ocrx_word' id='word_1_124' title='bbox 791 2599 957 2650; x_wconf 84' lang='lat' dir='ltr'><strong>contracta</strong></span> <span class='ocrx_word' id='word_1_125' title='bbox 992 2591 1032 2651; x_wconf 90' lang='lat' dir='ltr'><strong>ad</strong></span> <span class='ocrx_word' id='word_1_126' title='bbox 1064 2590 1168 2654; x_wconf 88' lang='lat' dir='ltr'><strong>risum</strong></span> 
     </span>
     <span class='ocr_line' id='line_1_20' title="bbox 156 2701 1169 2788; baseline 0.002 -19"><span class='ocrx_word' id='word_1_127' title='bbox 156 2701 421 2769; x_wconf 84' lang='lat' dir='ltr'><strong>diffimderetur.&#39;</strong></span> <span class='ocrx_word' id='word_1_128' title='bbox 450 2701 562 2768; x_wconf 83' lang='lat' dir='ltr'><strong>Verba</strong></span> <span class='ocrx_word' id='word_1_129' title='bbox 591 2714 669 2765; x_wconf 89' lang='lat' dir='ltr'><strong>sunt</strong></span> <span class='ocrx_word' id='word_1_130' title='bbox 703 2701 914 2788; x_wconf 73' lang='lat' dir='ltr'><strong>Hieronymi,</strong></span> <span class='ocrx_word' id='word_1_131' title='bbox 947 2705 1069 2788; x_wconf 88' lang='lat' dir='ltr'><strong>aliquid</strong></span> <span class='ocrx_word' id='word_1_132' title='bbox 1102 2729 1169 2771; x_wconf 91' lang='lat' dir='ltr'><strong>non</strong></span> 
     </span>
     <span class='ocr_line' id='line_1_21' title="bbox 157 2818 1171 2903; baseline 0.006 -19"><span class='ocrx_word' id='word_1_133' title='bbox 157 2821 266 2884; x_wconf 91' lang='lat' dir='ltr'><strong>omnia</strong></span> <span class='ocrx_word' id='word_1_134' title='bbox 293 2820 500 2902; x_wconf 81' lang='lat' dir='ltr'><strong>explicantis:</strong></span> <span class='ocrx_word' id='word_1_135' title='bbox 536 2818 608 2888; x_wconf 74' lang='lat' dir='ltr'><strong>«In</strong></span> <span class='ocrx_word' id='word_1_136' title='bbox 636 2841 710 2884; x_wconf 89' lang='lat' dir='ltr'><strong>mea</strong></span> <span class='ocrx_word' id='word_1_137' title='bbox 736 2819 823 2883; x_wconf 91' lang='lat' dir='ltr'><strong>enim</strong></span> <span class='ocrx_word' id='word_1_138' title='bbox 837 2821 961 2903; x_wconf 80' lang='lat' dir='ltr'><strong>patria,</strong></span> <span class='ocrx_word' id='word_1_139' title='bbox 986 2825 1171 2890; x_wconf 89' lang='lat' dir='ltr'><strong>rusticitatis</strong></span> 
     </span>
     <span class='ocr_line' id='line_1_22' title="bbox 157 2938 1172 3018; baseline 0.006 -16"><span class='ocrx_word' id='word_1_140' title='bbox 157 2941 352 3013; x_wconf 83' lang='lat' dir='ltr'><strong>vernacula,</strong></span> <span class='ocrx_word' id='word_1_141' title='bbox 386 2938 472 3002; x_wconf 86' lang='lat' dir='ltr'><strong>Deus</strong></span> <span class='ocrx_word' id='word_1_142' title='bbox 502 2947 618 3002; x_wconf 84' lang='lat' dir='ltr'><strong>venter</strong></span> <span class='ocrx_word' id='word_1_143' title='bbox 636 2952 705 3018; x_wconf 88' lang='lat' dir='ltr'><strong>est,</strong></span> <span class='ocrx_word' id='word_1_144' title='bbox 739 2952 772 3002; x_wconf 93' lang='lat' dir='ltr'><strong>et</strong></span> <span class='ocrx_word' id='word_1_145' title='bbox 794 2938 829 3001; x_wconf 90' lang='lat' dir='ltr'><strong>in</strong></span> <span class='ocrx_word' id='word_1_146' title='bbox 851 2939 939 3002; x_wconf 87' lang='lat' dir='ltr'><strong>diem</strong></span> <span class='ocrx_word' id='word_1_147' title='bbox 964 2940 1108 3018; x_wconf 86' lang='lat' dir='ltr'><strong>vivitur,</strong></span> <span class='ocrx_word' id='word_1_148' title='bbox 1138 2958 1172 3008; x_wconf 90' lang='lat' dir='ltr'><strong>et</strong></span> 
     </span>
     <span class='ocr_line' id='line_1_23' title="bbox 156 3054 1169 3140; baseline 0.005 -20"><span class='ocrx_word' id='word_1_149' title='bbox 156 3057 298 3120; x_wconf 85' lang='lat' dir='ltr'><strong>sanctior</strong></span> <span class='ocrx_word' id='word_1_150' title='bbox 321 3069 368 3120; x_wconf 88' lang='lat' dir='ltr'><strong>est</strong></span> <span class='ocrx_word' id='word_1_151' title='bbox 390 3057 444 3118; x_wconf 90' lang='lat' dir='ltr'><strong>ille</strong></span> <span class='ocrx_word' id='word_1_152' title='bbox 465 3055 523 3139; x_wconf 90' lang='lat' dir='ltr'><strong>qui</strong></span> <span class='ocrx_word' id='word_1_153' title='bbox 545 3054 644 3119; x_wconf 91' lang='lat' dir='ltr'><strong>ditior</strong></span> <span class='ocrx_word' id='word_1_154' title='bbox 661 3068 719 3119; x_wconf 87' lang='lat' dir='ltr'><strong>est.</strong></span> <span class='ocrx_word' id='word_1_155' title='bbox 754 3055 896 3120; x_wconf 78' lang='lat' dir='ltr'><strong>Accessit</strong></span> <span class='ocrx_word' id='word_1_156' title='bbox 910 3055 988 3121; x_wconf 88' lang='lat' dir='ltr'><strong>huic</strong></span> <span class='ocrx_word' id='word_1_157' title='bbox 1008 3063 1169 3140; x_wconf 88' lang='lat' dir='ltr'><strong>patellae,</strong></span> 
     </span>
     <span class='ocr_line' id='line_1_24' title="bbox 156 3172 1172 3262; baseline 0.008 -27"><span class='ocrx_word' id='word_1_158' title='bbox 156 3174 250 3255; x_wconf 87' lang='lat' dir='ltr'><strong>juxta</strong></span> <span class='ocrx_word' id='word_1_159' title='bbox 280 3172 398 3236; x_wconf 88' lang='lat' dir='ltr'><strong>tritum</strong></span> <span class='ocrx_word' id='word_1_160' title='bbox 428 3172 542 3253; x_wconf 89' lang='lat' dir='ltr'><strong>populi</strong></span> <span class='ocrx_word' id='word_1_161' title='bbox 575 3191 726 3235; x_wconf 89' lang='lat' dir='ltr'><strong>sermone</strong></span> <span class='ocrx_word' id='word_1_162' title='bbox 760 3173 997 3254; x_wconf 87' lang='lat' dir='ltr'><strong>proverbium,</strong></span> <span class='ocrx_word' id='word_1_163' title='bbox 1032 3175 1172 3262; x_wconf 75' lang='lat' dir='ltr'><strong>dignum</strong></span> 
     </span>
    </p>
   </div>
   <div class='ocr_carea' id='block_1_5' title="bbox 144 3449 1251 4198">
    <p class='ocr_par' dir='ltr' id='par_1_5' title="bbox 144 3449 1174 3712">
     <span class='ocr_line' id='line_1_25' title="bbox 195 3449 1174 3528; baseline 0.006 -22"><span class='ocrx_word' id='word_1_164' title='bbox 195 3469 206 3506; x_wconf 86' lang='lat' dir='ltr'><strong>t</strong></span> <span class='ocrx_word' id='word_1_165' title='bbox 244 3455 295 3504; x_wconf 81' lang='lat' dir='ltr'><strong>Fr.</strong></span> <span class='ocrx_word' id='word_1_166' title='bbox 313 3453 370 3504; x_wconf 85' lang='lat' dir='ltr'><strong>inc.</strong></span> <span class='ocrx_word' id='word_1_167' title='bbox 388 3451 434 3506; x_wconf 87' lang='grc'><strong>86.</strong></span> <span class='ocrx_word' id='word_1_168' title='bbox 453 3449 555 3516; x_wconf 83' lang='lat' dir='ltr'><strong>XVll,</strong></span> <span class='ocrx_word' id='word_1_169' title='bbox 575 3451 602 3506; x_wconf 71' lang='grc' dir='ltr'><strong>ὅ.</strong></span> <span class='ocrx_word' id='word_1_170' title='bbox 632 3452 687 3516; x_wconf 82' lang='lat' dir='ltr'><strong>ill,</strong></span> <span class='ocrx_word' id='word_1_171' title='bbox 710 3473 735 3508; x_wconf 83' lang='lat'><strong>2·</strong></span> <span class='ocrx_word' id='word_1_172' title='bbox 759 3455 814 3506; x_wconf 80' lang='lat' dir='ltr'><strong>inc.</strong></span> <span class='ocrx_word' id='word_1_173' title='bbox 836 3455 985 3528; x_wconf 80' lang='lat' dir='ltr'><strong>97.XV1‚</strong></span> <span class='ocrx_word' id='word_1_174' title='bbox 1006 3459 1033 3511; x_wconf 80' lang='lat'><strong>3.</strong></span> <span class='ocrx_word' id='word_1_175' title='bbox 1055 3461 1110 3511; x_wconf 82' lang='lat' dir='ltr'><strong>inc·</strong></span> <span class='ocrx_word' id='word_1_176' title='bbox 1125 3457 1174 3512; x_wconf 73' lang='lat'><strong>62.</strong></span> 
     </span>
     <span class='ocr_line' id='line_1_26' title="bbox 159 3547 1173 3620; baseline 0.004 -18"><span class='ocrx_word' id='word_1_177' title='bbox 159 3548 273 3617; x_wconf 71' lang='lat'>(¹12¹)</span> <span class='ocrx_word' id='word_1_178' title='bbox 301 3547 343 3614; x_wconf 90' lang='lat' dir='ltr'><strong>V,</strong></span> <span class='ocrx_word' id='word_1_179' title='bbox 362 3547 574 3614; x_wconf 65' lang='lat' dir='ltr'><strong>mxxviii,</strong></span> <span class='ocrx_word' id='word_1_180' title='bbox 593 3553 620 3606; x_wconf 83' lang='grc'><strong>6.</strong></span> <span class='ocrx_word' id='word_1_181' title='bbox 649 3552 705 3601; x_wconf 82' lang='lat' dir='ltr'><strong>inc.</strong></span> <span class='ocrx_word' id='word_1_182' title='bbox 731 3564 792 3620; x_wconf 80' lang='lat'><strong>117,</strong></span> <span class='ocrx_word' id='word_1_183' title='bbox 816 3552 877 3606; x_wconf 76' lang='lat'><strong>104.</strong></span> <span class='ocrx_word' id='word_1_184' title='bbox 907 3553 993 3620; x_wconf 84' lang='lat' dir='ltr'><strong>xlv,</strong></span> <span class='ocrx_word' id='word_1_185' title='bbox 1015 3555 1040 3615; x_wconf 78' lang='grc'><strong>6.</strong></span> <span class='ocrx_word' id='word_1_186' title='bbox 1073 3556 1116 3618; x_wconf 92' lang='lat' dir='ltr'><strong>ll,</strong></span> <span class='ocrx_word' id='word_1_187' title='bbox 1147 3571 1173 3607; x_wconf 82' lang='lat' dir='ltr'><strong>t.</strong></span> 
     </span>
     <span class='ocr_line' id='line_1_27' title="bbox 144 3645 704 3712; baseline 0 -14"><span class='ocrx_word' id='word_1_188' title='bbox 144 3645 222 3710; x_wconf 89' lang='lat' dir='ltr'><strong>-lll,</strong></span> <span class='ocrx_word' id='word_1_189' title='bbox 242 3645 287 3702; x_wconf 75' lang='lat'><strong>24·</strong></span> <span class='ocrx_word' id='word_1_190' title='bbox 307 3645 365 3710; x_wconf 81' lang='lat' dir='ltr'><strong>xl,</strong></span> <span class='ocrx_word' id='word_1_191' title='bbox 384 3665 410 3700; x_wconf 75' lang='lat' dir='ltr'><strong>n·</strong></span> <span class='ocrx_word' id='word_1_192' title='bbox 431 3645 502 3712; x_wconf 80' lang='lat' dir='ltr'><strong>XV,</strong></span> <span class='ocrx_word' id='word_1_193' title='bbox 523 3647 550 3700; x_wconf 76' lang='lat' dir='ltr'><strong>d·</strong></span> <span class='ocrx_word' id='word_1_194' title='bbox 569 3649 625 3699; x_wconf 83' lang='lat' dir='ltr'><strong>ine.</strong></span> <span class='ocrx_word' id='word_1_195' title='bbox 643 3648 704 3701; x_wconf 79' lang='lat' dir='ltr'><strong>soii.</strong></span> 
     </span>
    </p>

    <p class='ocr_par' dir='ltr' id='par_1_6' title="bbox 147 3745 1174 3910">
     <span class='ocr_line' id='line_1_28' title="bbox 195 3745 1174 3815; baseline 0.007 -21"><span class='ocrx_word' id='word_1_196' title='bbox 195 3763 212 3798; x_wconf 79' lang='lat'>2</span> <span class='ocrx_word' id='word_1_197' title='bbox 250 3745 321 3795; x_wconf 63' lang='grc' dir='ltr'><strong>Οἱς.</strong></span> <span class='ocrx_word' id='word_1_198' title='bbox 346 3747 431 3797; x_wconf 81' lang='lat' dir='ltr'><strong>Brut.</strong></span> <span class='ocrx_word' id='word_1_199' title='bbox 450 3745 503 3809; x_wconf 75' lang='lat'><strong>46,</strong></span> <span class='ocrx_word' id='word_1_200' title='bbox 532 3747 590 3814; x_wconf 83' lang='lat'><strong>169.</strong></span> <span class='ocrx_word' id='word_1_201' title='bbox 626 3746 748 3796; x_wconf 82' lang='lat' dir='ltr'><strong>Douao</strong></span> <span class='ocrx_word' id='word_1_202' title='bbox 766 3748 805 3798; x_wconf 84' lang='lat' dir='ltr'><strong>od</strong></span> <span class='ocrx_word' id='word_1_203' title='bbox 825 3749 896 3800; x_wconf 73' lang='lat' dir='ltr'><strong>Iane.</strong></span> <span class='ocrx_word' id='word_1_204' title='bbox 914 3765 942 3814; x_wconf 89' lang='lat' dir='ltr'><strong>p.</strong></span> <span class='ocrx_word' id='word_1_205' title='bbox 966 3761 1026 3815; x_wconf 76' lang='lat' dir='ltr'><strong>top.</strong></span> <span class='ocrx_word' id='word_1_206' title='bbox 1045 3745 1089 3797; x_wconf 81' lang='lat' dir='ltr'><strong>Ci.</strong></span> <span class='ocrx_word' id='word_1_207' title='bbox 1113 3763 1174 3814; x_wconf 82' lang='lat' dir='ltr'><strong>sup.</strong></span> 
     </span>
     <span class='ocr_line' id='line_1_29' title="bbox 147 3853 274 3910; baseline 0.039 -4"><span class='ocrx_word' id='word_1_208' title='bbox 147 3855 189 3906; x_wconf 71' lang='grc' dir='ltr'><strong>Ῥ·</strong></span> <span class='ocrx_word' id='word_1_209' title='bbox 212 3853 274 3910; x_wconf 82' lang='grc' dir='ltr'><strong>ι97·</strong></span> 
     </span>
    </p>

    <p class='ocr_par' dir='ltr' id='par_1_7' title="bbox 165 3927 1251 4198">
     <span class='ocr_line' id='line_1_30' title="bbox 196 3927 1251 4008; baseline 0.007 -21"><span class='ocrx_word' id='word_1_210' title='bbox 196 3935 214 3987; x_wconf 80' lang='lat' dir='ltr'><strong>s</strong></span> <span class='ocrx_word' id='word_1_211' title='bbox 246 3936 346 3991; x_wconf 68' lang='lat' dir='ltr'><strong>run.</strong></span> <span class='ocrx_word' id='word_1_212' title='bbox 363 3943 400 3992; x_wconf 81' lang='lat' dir='ltr'><strong>n.</strong></span> <span class='ocrx_word' id='word_1_213' title='bbox 420 3939 458 3991; x_wconf 77' lang='grc' dir='ltr'><strong>Ν.</strong></span> <span class='ocrx_word' id='word_1_214' title='bbox 477 3936 550 4003; x_wconf 87' lang='lat' dir='ltr'><strong>vu,</strong></span> <span class='ocrx_word' id='word_1_215' title='bbox 570 3955 613 4008; x_wconf 63' lang='grc' dir='ltr'><strong>ι..</strong></span> <span class='ocrx_word' id='word_1_216' title='bbox 643 3938 720 3990; x_wconf 71' lang='grc' dir='ltr'><strong>σε..</strong></span> <span class='ocrx_word' id='word_1_217' title='bbox 742 3940 825 3991; x_wconf 63' lang='lat' dir='ltr'><strong>rurs.</strong></span> <span class='ocrx_word' id='word_1_218' title='bbox 857 3940 890 4008; x_wconf 82' lang='grc' dir='ltr'><strong>ρ.</strong></span> <span class='ocrx_word' id='word_1_219' title='bbox 914 3938 974 4002; x_wconf 86' lang='lat' dir='ltr'><strong>m,</strong></span> <span class='ocrx_word' id='word_1_220' title='bbox 994 3935 1038 4006; x_wconf 66' lang='lat' dir='ltr'><strong>as,</strong></span> <span class='ocrx_word' id='word_1_221' title='bbox 1058 3939 1102 3992; x_wconf 67' lang='lat' dir='ltr'><strong>st.</strong></span> <span class='ocrx_word' id='word_1_222' title='bbox 1132 3943 1177 3994; x_wconf 79' lang='grc' dir='ltr'><strong>υ.</strong></span> <span class='ocrx_word' id='word_1_223' title='bbox 1233 3927 1251 3944; x_wconf 85' lang='grc'><em>“</em></span> 
     </span>
     <span class='ocr_line' id='line_1_31' title="bbox 165 4031 1177 4104; baseline 0.003 -19"><span class='ocrx_word' id='word_1_224' title='bbox 165 4033 230 4086; x_wconf 68' lang='lat' dir='ltr'><strong>rin.</strong></span> <span class='ocrx_word' id='word_1_225' title='bbox 251 4031 289 4098; x_wconf 92' lang='lat' dir='ltr'><strong>V,</strong></span> <span class='ocrx_word' id='word_1_226' title='bbox 308 4033 419 4103; x_wconf 77' lang='lat'><strong>30,92·</strong></span> <span class='ocrx_word' id='word_1_227' title='bbox 437 4036 607 4088; x_wconf 78' lang='lat' dir='ltr'><strong>Hieron.</strong></span> <span class='ocrx_word' id='word_1_228' title='bbox 624 4033 710 4102; x_wconf 82' lang='lat' dir='ltr'><strong>Apol.</strong></span> <span class='ocrx_word' id='word_1_229' title='bbox 738 4033 801 4085; x_wconf 76' lang='lat' dir='ltr'><strong>adv.</strong></span> <span class='ocrx_word' id='word_1_230' title='bbox 821 4035 923 4104; x_wconf 77' lang='lat' dir='ltr'><strong>Rusio.</strong></span> <span class='ocrx_word' id='word_1_231' title='bbox 947 4041 975 4086; x_wconf 80' lang='lat' dir='ltr'><strong>at</strong></span> <span class='ocrx_word' id='word_1_232' title='bbox 994 4037 1034 4088; x_wconf 85' lang='lat' dir='ltr'><strong>od</strong></span> <span class='ocrx_word' id='word_1_233' title='bbox 1054 4039 1177 4088; x_wconf 75' lang='lat' dir='ltr'><strong>Demetr·</strong></span> 
     </span>
     <span class='ocr_line' id='line_1_32' title="bbox 165 4127 831 4198; baseline 0 -15"><span class='ocrx_word' id='word_1_234' title='bbox 165 4130 355 4198; x_wconf 75' lang='lat' dir='ltr'><strong>Apsilia.</strong></span> <span class='ocrx_word' id='word_1_235' title='bbox 385 4132 518 4184; x_wconf 79' lang='lat' dir='ltr'><strong>Sidon.</strong></span> <span class='ocrx_word' id='word_1_236' title='bbox 540 4127 831 4192; x_wconf 79' lang='lat' dir='ltr'><strong>carm.xx1v,so.</strong></span> 
     </span>
    </p>
   </div>
   <div class='ocr_carea' id='block_1_6' title="bbox 0 0 1477 4972">
    <p class='ocr_par' dir='ltr' id='par_1_8' title="bbox 0 0 1477 4972">
     <span class='ocr_line' id='line_1_33' title="bbox 0 0 1477 4972; baseline 0 0"><span class='ocrx_word' id='word_1_237' title='bbox 0 0 1477 4972; x_wconf 95' lang='lat' dir='ltr'><strong> </strong></span> 
     </span>
    </p>
   </div>
  </div>
 </body>
</html>
