2860 4974
757 363 827 434 '118

289 550 407 632 literis3
432 551 510 639 quia
526 549 673 618 licentius
695 549 821 636 antiqui
840 563 873 615 et
896 549 965 634 issa
983 546 1076 634 quasi
1090 569 1150 634 pro
1161 545 1289 634 liquenti

289 669 485 747 utebantur,
519 669 684 738 inerudita
705 671 812 734 adhuc
834 668 1001 746 novitate,
1026 670 1115 756 quod
1137 667 1289 753 postero·

289 807 340 854 res
362 793 477 873 poeitae
496 807 564 854 non
588 787 766 854 seruati.»
790 787 1039 854 Diomedes:
1062 782 1289 855 «Communi-
1393 863 1394 870 ἵ

290 925 350 974 um
378 909 578 996 syllabarum
611 909 700 974 modi
731 919 809 974 sunt
834 921 972 991 septem.
995 941 1041 956 -·
1062 904 1206 993 Quartus
1224 917 1289 980 est,

289 1047 368 1095 cum
385 1040 570 1112 correptam
594 1029 738 1094 vocalem
758 1029 842 1092 duae
865 1037 1076 1092 consonantes
1098 1036 1289 1112 sequuntur,
1393 1109 1394 1122 ἶ

290 1167 434 1231 quarum
458 1147 549 1230 prior
573 1159 622 1212 est
640 1169 655 1212 s
674 1145 787 1223 litero,
808 1167 891 1231 quac
914 1143 1055 1232 syllabae
1066 1143 1191 1210 ratione
1202 1161 1292 1208 oom-
1393 1167 1394 1170 ¹

290 1264 418 1342 munis,
451 1266 543 1329 velut
564 1263 676 1329 sibilus
695 1263 821 1348 positu,
853 1263 921 1329 rim
944 1261 1147 1329 consonantis
1164 1257 1291 1328 amittit.

290 1381 462 1450 Interdum
489 1383 579 1446 enim
606 1381 806 1467 liquidarum
836 1395 946 1448 mutat
968 1385 1085 1470 legem.
1131 1379 1292 1465 Siquidem

288 1502 361 1566 illae
381 1501 572 1586 subjunctae
593 1499 694 1566 mutis
714 1513 890 1586 utramque
908 1513 1100 1585 potestatem
1120 1499 1294 1584 possident·

289 1622 370 1686 haec
396 1641 473 1686 vero
499 1619 683 1704 plurimum
700 1619 763 1686 sibi
785 1619 941 1685 defendit.
987 1617 1060 1686 Non
1083 1618 1173 1684 enim
1194 1619 1292 1682 solum

288 1737 524 1824 subjungitur,
559 1756 676 1804 verum
713 1737 812 1804 etiam
848 1737 1012 1804 contraria
1044 1736 1226 1822 praeposite
1252 1733 1297 1796 lo-

288 1875 327 1922 co
344 1855 486 1943 liquidae
513 1855 683 1943 fungitur,
709 1869 748 1921 ut
768 1869 816 1922 cst
836 1891 883 1906 --
905 1858 994 1940 apud
1013 1856 1213 1922 Lucillium:
1237 1849 1293 1918 In·

280 1973 442 2063 scsstibu’
460 1977 588 2062 porois
599 1973 659 2042 ἱ.»

332 2095 460 2160 Tertius
480 2093 629 2162 licentiae
650 2095 766 2162 modus
788 2107 836 2160 est
850 2095 974 2160 literae
985 2092 1170 2160 detractio.
1200 2091 1296 2158 Var-

287 2233 353 2282 ro:
391 2239 411 2280 a
426 2214 466 2278 In
486 2214 635 2298 pluribus
656 2213 824 2282 rerbeisa
854 2227 930 2278 ante
955 2235 972 2278 e
996 2213 1049 2279 alii
1075 2225 1227 2298 ponunt,
1245 2207 1294 2275 aiii

288 2353 376 2398 non:
405 2332 459 2396 alii
492 2329 600 2405 ,Plauti
621 2326 924 2408 Faeereratrs'cem,
947 2331 1002 2397 alii
1025 2327 1292 2404 Feneratricem

288 2471 327 2516 ac
345 2448 459 2516 rustici
484 2447 634 2534 Pappum
657 2448 833 2528 Marium,
865 2471 932 2516 non
949 2449 1135 2516 Moesiam.
1182 2449 1294 2532 Aquo

289 2567 431 2634 Luciliue
448 2567 584 2634 scribit:
606 2568 761 2634 Ceoiliase
776 2579 900 2658 pretor
918 2591 960 2636 ne
981 2571 1140 2634 senticem
1151 2567 1225 2656 fiat
1238 2567 1292 2631 ³.»

289 2686 389 2772 Apud
418 2687 659 2754 Diomedem
691 2691 833 2754 secunda
864 2702 911 2755 est
941 2689 1149 2756 detractionis
1172 2686 1295 2772 epcoifl·
1393 2769 1394 2786 χ

289 2806 340 2874 Ita
361 2807 435 2878 ille:
470 2831 488 2872 a
501 2819 540 2872 ut
557 2805 584 2872 ai
607 2806 679 2892 quis
699 2809 847 2874 detracta
867 2830 888 2875 a
906 2808 1001 2875 litera
1016 2819 1166 2896 praeter
1190 2803 1293 2877 rias,

285 2941 325 2994 ut
348 2925 508 2993 Lucilius:
534 2924 665 2992 Pretor
678 2947 719 2990 sse
736 2928 884 2992 raetica’
898 2924 995 3013 fiat,
1019 2948 1099 2994 cum
1119 2927 1236 2994 debeat
1256 2943 1291 2988 re

287 3045 497 3131 pronuntiari
514 3056 684 3133 praetor,
703 3046 760 3110 sed
770 3059 954 3112 structurae
967 3045 1073 3133 gratia
1081 3045 1208 3132 syllaba
1219 3047 1292 3111 ioa-

288 3188 331 3254 μ
355 3165 532 3250 corripitur
546 3163 573 3232 ⁴.
587 3185 605 3228 s>
641 3162 734 3230 Idem
757 3163 989 3232 animadvertit
1009 3165 1042 3230 in
1056 3165 1184 3232 Lucilio
1207 3161 1297 3230 Cou-

290 3283 460 3350 sentius
474 3311 481 3346 :
507 3309 526 3351 <s
540 3281 656 3350 Poe'tae
673 3281 798 3352 faciunt
809 3284 1048 3367 metaplasmos,
1068 3303 1148 3348 cum
1162 3281 1223 3367 ipsi
1231 3283 1296 3366 jem

288 3402 486 3486 scripturam
514 3403 706 3489 relinquunt
734 3415 945 3488 corruptam,
970 3417 1009 3470 ut
1031 3417 1079 3470 est
1099 3401 1297 3492 Ralrsqaras

292 3519 460 3594 Danaum
474 3521 659 3588 -addidit
680 3522 772 3588 enim
790 3543 892 3588 unam
912 3521 1042 3590 literam
1054 3543 1114 3608 per
1130 3522 1297 3608 metaplas-

328 3823 342 3864 ι
377 3810 423 3861 De
438 3816 496 3860 rot.
513 3816 667 3859 metrorum
684 3808 855 3877 (hindam.
874 3812 958 3882 corp.
980 3815 1105 3871 Graium.
1125 3815 1151 3882 Ι,
1170 3815 1246 3888 29⁵).

327 3918 345 3958 a
378 3903 492 3962 Lind.
511 3903 563 3978 op.
580 3907 600 3956 ἱ.
622 3902 653 3958 11
670 3921 698 3972 p·
715 3903 779 3960 tat.

328 3999 347 4054 δ
380 4001 424 4052 De
442 4001 478 4054 B.
497 4001 532 4056 L.
552 3997 632 4066 vn,
651 4001 685 4071 9⁶
706 4001 802 4072 ibique
817 4001 961 4059 Moriar.

284 4097 286 4103 ⁴
327 4096 345 4153 4
380 4097 494 4155 uisu.
518 4099 570 4167 Op.
591 4096 776 4168 1.tt1›.tty.
794 4099 976 4173 hurihfr.
995 4103 1050 4158 inc.
1069 4124 1114 4176 97.
