2860 4974
734 340 797 402 176

236 527 353 601 erepto!
385 516 575 602 [torquant
599 519 721 604 rapuit
744 515 873 604 Apollo
883 515 956 603 stol
978 539 1071 605 ergo.
1119 515 1254 604 Signifi-

236 648 288 700 out
306 635 542 701 deliberatum
560 657 594 702 oe
617 657 657 699 uc
677 650 884 711 recreatum,
913 637 997 700 dum
1014 635 1108 698 illum
1132 637 1254 700 moler-

236 766 310 816 tum
341 754 542 819 adversarius
572 775 648 818 rum
679 755 787 836 rapit,
818 754 1005 837 Apollinem
1035 751 1252 818 imitatum'.»

236 869 388 936 Horatius
415 873 536 947 eetird,
570 874 613 936 ed
636 873 728 956 cujus
747 885 895 935 extrema
912 869 1013 935 verbu
1032 872 1113 935 haee
1129 883 1254 934 notan-

235 1003 315 1065 tur,
339 990 452 1054 festive
472 1003 607 1066 narrat,
630 991 913 1075 quemadmodum
935 988 1118 1054 ambulanti
1138 988 1198 1054 ribi
1215 989 1252 1052 in

233 1109 342 1192 Appia
366 1109 417 1174 via
435 1107 673 1192 supervenisset
694 1110 846 1194 garrulus
862 1109 982 1178 homo.
1008 1108 1099 1191 cujus
1121 1107 1252 1190 ineptiis

233 1248 300 1294 nou
323 1229 413 1311 prius
433 1227 588 1292 liberatur
611 1239 710 1304 erret,
731 1249 833 1311 quam
857 1226 952 1289 illum
968 1225 1253 1308 petitorubduxie-

231 1359 291 1413 eet.
337 1345 450 1411 Simile
473 1347 555 1430 quid
571 1345 696 1412 Lucilio
718 1344 883 1410 obvenirre
905 1345 1100 1429 aliquando,
1122 1357 1156 1409 et
1174 1365 1250 1410 rem

232 1464 376 1534 versibus
399 1485 476 1528 eum
499 1464 719 1549 descripsisse,
742 1465 798 1549 qui
823 1462 957 1529 Horatio
973 1465 1252 1546 exemplooerent,

233 1597 386 1666 apertum
403 1597 461 1648 ert.
485 1581 565 1667 Quis
584 1583 637 1647 ille
658 1585 815 1648 molestus
833 1580 949 1659 fuerit,
967 1581 1169 1664 oonjieiendo
1193 1603 1251 1646 me

234 1714 415 1766 mecutum
443 1723 508 1766 erse
537 1723 605 1766 non
635 1701 774 1766 affirmo.
828 1698 961 1786 Conjeci
991 1713 1122 1777 tamen,
1155 1700 1252 1766 su'm

227 1818 534 1908 frumentorium,
568 1822 625 1906 qui
658 1821 735 1884 noni
762 1820 837 1885 libri
873 1822 1061 1904 fragmento
1097 1819 1251 1884 vioerimo

231 1943 373 2006 necundo
401 1953 605 2006 memoratur
637 1940 787 2004 modium
815 1960 926 2004 secum
957 1952 1057 2022 etque
1090 1941 1250 2002 rutellum

233 2059 386 2124 attulisse.
432 2057 526 2143 Quae
544 2058 684 2142 euspicio
708 2059 796 2122 houd
821 2057 925 2122 alienu
956 2055 1121 2120 ridebitur
1149 2077 1248 2140 repu-

232 2177 580 2254 tantummodum
620 2175 835 2260 publioonunr
856 2175 975 2251 fuitne,
1010 2175 1063 2240 cui
1085 2197 1163 2242 cum
1185 2177 1251 2240 hoc

233 2294 410 2360 hominurn
442 2315 560 2381 genere
594 2298 746 2378 frequens
781 2315 831 2358 ree
863 2309 897 2358 et
930 2295 1131 2358 consuetudo
1156 2307 1249 2360 erret.

232 2413 260 2476 F
261 2426 379 2478 ortanae
401 2411 456 2476 hio
477 2433 574 2490 eum,
594 2413 660 2478 rivo
684 2413 861 2478 dominive
885 2413 963 2478 sorio
982 2413 1048 2478 eive
1072 2411 1249 2478 udForni-

233 2551 305 2595 cem
318 2529 502 2595 Fabianum
515 2529 549 2594 in
563 2530 613 2594 viu
630 2552 719 2596 secra
739 2551 842 2614 prope
855 2533 965 2594 iorum
977 2565 1024 2580 —
1040 2543 1248 2596 exstructum

233 2649 298 2714 645
314 2649 407 2738 (108)
423 2685 470 2698 -—
491 2648 598 2714 nescio
610 2647 690 2733 quid
708 2669 874 2734 nugarum
886 2646 1118 2724 meditantem,
1142 2649 1249 2714 inter-

231 2766 365 2851 pellarit
385 2778 418 2829 et
434 2767 475 2830 ud
491 2765 577 2830 vitre
597 2766 727 2851 negotiu
743 2779 777 2829 et
795 2766 942 2830 muneris
962 2787 1055 2832 curuo
1073 2764 1251 2850 intemper-

231 2885 298 2950 tive
320 2885 506 2960 revocavit,
536 2905 615 2948 mox
638 2886 678 2948 de
693 2884 767 2961 lite,
793 2884 845 2948 cui
863 2883 1040 2968 implicitus
1057 2899 1150 2963 erut,
1173 2906 1249 2952 oer-

229 3002 348 3068 tiorem
384 3005 529 3078 lactum,
565 3004 732 3088 quomodo
762 3024 796 3068 ee
824 3004 1009 3087 expediret,
1039 3017 1249 3087 percontatur

230 3132 299 3196 eet,
323 3135 356 3186 et
378 3142 491 3188 cautae
513 3119 812 3197 delensiunculum,
836 3141 937 3206 quem
953 3121 1126 3188 medium
1147 3137 1248 3200 met,

228 3234 377 3321 subjecit.
423 3237 577 3323 Cumque
595 3241 636 3302 de
655 3237 832 3302 verborum
852 3239 1014 3323 scriptura
1038 3241 1133 3304 anxie
1143 3263 1249 3327 quee-

229 3355 367 3432 unieret,
391 3356 514 3440 quippe
536 3356 667 3444 linguae
685 3355 876 3440 imperitus,
906 3357 1070 3424 Lucilius:
1103 3386 1121 3426 o
1136 3396 1179 3412 -
1197 3375 1247 3426 ut-

232 3493 297 3559 que
315 3495 495 3538 oeourrere
513 3475 655 3552 scribor,
677 3474 749 3540 Dne
767 3496 810 3540 un
839 3473 866 3540 C
890 3497 957 3540 non
977 3491 1024 3542 ert
1041 3481 1131 3564 quod
1142 3501 1249 3563 quee-

233 3613 284 3658 rae
307 3604 405 3677 atque
433 3589 570 3656 laborer.
590 3629 636 3642 —
659 3593 787 3657 Laboro
815 3595 956 3670 direere,
979 3617 1021 3659 ne
1046 3609 1079 3660 te
1098 3598 1247 3682 reeipen,

266 3931 285 3989 4
317 3935 470 3989 Auem.
487 3937 656 4006 postcomm
685 3941 766 4010 Gruq.
785 3941 823 3992 ad
838 3944 910 3996 Hor.
930 3943 994 3996 Sat.
1011 3941 1038 4006 i,
1056 3961 1085 4012 9,
1103 3944 1147 4015 78·
1167 3940 1244 3998 Ver-

235 4035 279 4084 rdr
298 4029 434 4084 [rutiliani
452 4035 550 4086 mirere
568 4036 692 4104 corrupti
712 4036 775 4088 linit
792 4039 831 4090 ric
850 4037 1055 4092 emrcnlondutz
1074 4043 1106 4095 oi
1122 4059 1141 4094 a
1157 4051 1248 4112 eergo.
