2894 4986
566 1355 651 1408 Nemo
668 1357 738 1432 uides
753 1367 838 1428 putet
854 1367 960 1410 ueteres
976 1359 1098 1426 poitur,
1117 1359 1192 1427 quod

530 1467 628 1503 versus
644 1471 739 1504 eorum
761 1454 854 1506 scabri
879 1454 960 1505 nodis
977 1455 1115 1508 videntur.
1135 1454 1192 1507 1110

530 1551 604 1600 enim
630 1551 718 1602 stilus
735 1553 863 1604 Enniani
878 1551 966 1603 seculi
982 1553 1098 1604 auribus
1114 1551 1192 1604 solur

527 1645 680 1712 placebat,
699 1657 728 1699 et
743 1650 793 1700 diu
810 1648 952 1700 laboravit
969 1659 1052 1700 aetas
1068 1657 1163 1700 secuta
1181 1683 1189 1708 ‚

530 1751 562 1792 ut
580 1746 671 1812 magia
686 1745 752 1797 lusio
761 1745 885 1798 molliori
887 1744 945 1812 filo
956 1747 1189 1816 oequissoeretur.

876 1871 1122 1923 Macrobius.

243 2059 357 2148 Prisci
379 2081 448 2148 aeti
470 2081 664 2148 memoriam
688 2083 840 2165 prudenti
863 2083 1081 2168 disquisitione
1104 2085 1190 2148 illus-

187 2243 277 2296 trare
298 2251 412 2316 parem
434 2230 532 2296 habet
553 2244 586 2295 et
608 2230 783 2316 voluptatis
805 2243 838 2295 et
860 2231 1003 2296 utilitatis
1015 2253 1187 2298 eommen·

187 2379 364 2446 dationem.
409 2377 506 2464 Quod
537 2380 816 2464 quemadmodum
848 2391 936 2443 reete
954 2379 1189 2462 judicantibus,

187 2526 255 2592 sive
285 2527 343 2610 ipsi
374 2547 447 2592 eam
468 2527 666 2592 memoriam
675 2515 996 2624 'Jexplicarentssive
1018 2528 1188 2591 doctarum

186 2673 471 2762 investigationum
514 2677 638 2741 fruetus
684 2673 872 2760 colligerent
904 2685 937 2736 et
971 2685 1187 2756 usurparent,

185 2843 315 2906 semper
336 2822 442 2889 uisum
464 2836 533 2902 est,
556 2823 601 2897 ita
622 2843 728 2908 neque
749 2823 832 2888 illud
853 2821 1089 2900 dubitandum,
1110 2822 1191 2908 quin

186 2991 302 3034 earum
323 2972 475 3048 laudum,
498 2969 617 3056 quibus
638 2973 700 3036 hoo
710 2969 915 3055 potissimum
924 2971 1106 3036 celebratur
1115 2983 1190 3034 stu·

186 3117 320 3183 diorum
346 3139 470 3206 genus,
511 3120 599 3184 haud
629 3119 779 3206 exiguam
811 3117 872 3183 sibi
894 3131 1022 3202 partem
1045 3117 1187 3183 vindicet

186 3265 310 3344 omns,
334 3287 417 3352 quae
439 3265 475 3330 in
496 3265 708 3332 instaurandis
720 3268 885 3331 clarorum
896 3265 1102 3352 ingeniorum
1114 3285 1190 3332 mo-

187 3411 355 3478 numentis
397 3420 565 3491 versatur,
598 3410 796 3497 disquirendi
828 3409 1005 3498 diligentie.
1059 3409 1186 3476 Harum

187 3558 278 3624 enim
317 3559 600 3648 investigationum
637 3559 720 3625 ratio
752 3558 901 3642 proxime
934 3559 1109 3644 conjuncta
1143 3573 1192 3626 est

188 3727 269 3772 eam
298 3706 447 3773 uberiore
469 3707 620 3774 historiae
639 3719 673 3772 et
692 3707 790 3772 totius
808 3706 1009 3792 antiquitatis
1029 3706 1192 3808 cognitio-

184 3875 240 3919 ne.
273 3852 381 3939 Quare
401 3854 472 3920 fieri
496 3857 597 3932 solet,
623 3868 682 3932 ut,
711 3853 876 3920 illustratis
901 3852 957 3931 iis,
978 3873 1061 3938 quae
1074 3867 1131 3918 aut
1147 3855 1188 3920 ad

187 4001 421 4084 praestantium
449 4001 596 4068 uirorum
619 4001 775 4068 vitamet
796 4002 899 4078 iacta,
923 4001 1037 4066 autad
1060 4001 1189 4084 plenio-

185 4167 259 4214 rem
283 4149 482 4236 scriptorum
510 4148 758 4237 intelligentiam
777 4147 978 4232 pertineant,
1007 4145 1191 4230 ipsiusque

673 4297 687 4359 i
