2860 4974
656 335 715 400 181

152 507 268 576 mirate
296 525 329 576 et
360 508 544 576 urbanitate
566 509 599 574 in
623 509 749 578 Lucilio
772 511 944 594 conspicua
964 533 1104 596 vereque
1128 509 1179 576 al>

154 628 434 694 lloratiolaudata
447 626 484 705 ¹,
508 628 564 693 liic
587 631 739 712 exemplo
759 628 1040 694 confirmabimus.
1070 627 1171 715 Legi·

154 763 210 811 tur
233 749 322 829 apud
342 745 603 833 Hieronymum:
630 745 722 814 «Sed
741 759 775 812 et
792 752 888 829 poe'ta
906 746 1054 812 sublimis
1077 744 1171 834 (Vir-

155 865 293 950 gilius),
314 884 382 928 non
394 863 563 928 Homerus
586 863 695 942 alter,
719 881 758 932 ut
780 863 922 928 Lucilius
944 867 984 928 de
996 864 1103 929 Ennio
1116 861 1169 928 'su-

156 981 322 1065 spicatur,
342 984 398 1046 sed
420 982 546 1066 primus
558 979 720 1048 Homerus
737 985 825 1066 apud
842 981 1028 1048 Latinos-
1040 980 1081 1042 ²»
1105 979 1170 1066 Qui

156 1104 261 1175 locus,
287 1101 529 1183 praetermissus
547 1099 704 1178 aDousa,
729 1100 863 1185 probat,
887 1100 1015 1186 egregie
1039 1101 1079 1164 de
1100 1099 1172 1164 En·
1238 1091 1241 1096 ’

157 1217 212 1281 nio
238 1218 368 1282 sensisse
388 1239 488 1293 eum,
512 1239 619 1302 neque
640 1218 708 1281 ulld
728 1232 785 1283 aut
801 1217 921 1282 invidid
946 1231 1003 1282 aut
1022 1217 1072 1281 irs
1092 1219 1170 1282 duc·

159 1351 232 1398 rum
259 1335 408 1418 carpsisse
442 1336 549 1400 illum.
595 1335 781 1413 Praeterea,
804 1335 862 1419 qui
892 1336 979 1400 idem
1008 1335 1170 1418 respexit,

159 1453 332 1516 Horatium
351 1453 540 1517 audiamus:

203 1569 347 1633 Ennius
368 1582 400 1634 st
418 1573 557 1657 sopiens
574 1583 606 1635 et
623 1571 742 1658 sortis
761 1584 793 1636 et
813 1573 907 1638 oller
927 1572 1117 1648 Homerus,

205 1686 441 1752 Utoritioi
463 1687 584 1754 dieunt
601 1725 646 1738 —-
666 1689 693 1755 3.

160 1806 251 1872 Patet
263 1804 358 1882 hino,
381 1805 415 1870 in
431 1808 572 1871 criticis
593 1806 635 1870 ab
648 1806 783 1872 Horatio
792 1807 955 1873 Lucilium
969 1809 1064 1892 poni,
1090 1829 1170 1893 quo-

161 1925 249 1988 niam
268 1923 380 1990 critica
402 1924 527 1988 ratione
539 1924 637 1988 Ennii
652 1925 798 1989 earmina
810 1926 1000 2008 explorabat
1011 1939 1044 1990 et
1055 1945 1170 1990 eorum

158 2065 192 2106 se
213 2040 360 2125 judicem
381 2033 517 2106 ferebat}
552 2042 600 2106 De
624 2042 732 2106 Ennio
753 2042 834 2106 illud
851 2055 898 2108 est
921 2040 1023 2106 Servii
1042 2041 1171 2109 adVir·

160 2160 231 2245 gilii
243 2159 344 2224 verba
365 2159 483 2223 borrel
501 2181 611 2248 ogere
637 2159 804 2236 «Horret,
826 2160 1048 2234 terribilisest,
1069 2173 1103 2223 et
1125 2173 1172 2224 est

161 2299 270 2343 uersus
304 2278 494 2354 Ennianus,
530 2278 731 2362 vituperatus
753 2301 772 2343 a
794 2279 938 2354 Lucilio,
968 2280 1093 2344 dicente
1114 2301 1172 2362 per

159 2396 340 2460 irrisionem
361 2416 439 2460 eum
452 2395 597 2460 debuisse
615 2395 737 2460 dicere:
763 2395 880 2460 borrel
899 2407 930 2459 et
948 2395 1059 2485 alga,-
1084 2398 1170 2462 unde

161 2513 315 2578 Horatius
334 2517 375 2578 de
398 2513 541 2578 Lucilio:
566 2536 635 2577 aon
658 2513 767 2588 ridet,
792 2515 919 2590 disens,
943 2537 1062 2578 versus
1073 2513 1173 2580 Enni

158 2634 342 2720 gravitate
362 2631 550 2697 minoren.
566 2651 584 2692 a
609 2631 724 2716 Itaque
745 2653 851 2717 quum
874 2633 989 2698 acerbe
1011 2637 1172 2718 quaedam

162 2760 312 2824 notaret,
322 2763 396 2814 tum
409 2750 506 2816 etiam
520 2750 608 2813 idem
617 2748 849 2814 mutandisibi
858 2752 911 2834 jus
921 2749 1038 2815 sumsit
1048 2751 1083 2814 in
1094 2747 1173 2830 aliis,

163 2890 231 2954 quo
250 2889 317 2933 non
336 2868 446 2932 minos
464 2868 556 2932 insui
568 2868 673 2952 operis
688 2868 925 2934 existimatione
944 2868 992 2932 uti
1011 2866 1134 2933 solebat
1146 2868 1174 2934 ⁵.

165 2988 275 3072 Atque
286 2987 320 3049 in
333 2984 474 3052 Caecilio
489 3000 522 3050 et
542 2985 682 3050 Pacuvio
694 2989 789 3069 plura
800 2985 988 3072 corrigenda
999 2985 1173 3064 habuerit,

164 3104 221 3188 qui
246 3103 325 3168 mali
359 3126 378 3167 a
402 3101 557 3168 Cicerone
581 3103 659 3168 dieti
679 3117 756 3167 sunt
782 3117 928 3168 auctores
952 3102 1136 3170 Latinitatis
1146 3103 1172 3171 θ.

166 3206 366 3286 Contortum
392 3221 525 3304 aliquod
557 3219 778 3286 Pacuvianum
800 3220 970 3284 exordium
1005 3222 1068 3286 alio
1091 3222 1175 3290 libro

166 3431 429 3444 m—
455 3430 460 3437 '

200 3581 210 3618 ι
249 3583 278 3631 p.
297 3581 342 3634 9⁰·

196 3677 212 3712 a
250 3660 401 3712 Gammae
417 3660 560 3712 Micheam
578 3677 602 3712 c.
623 3677 648 3729 7.
677 3659 763 3731 (opp.
782 3659 823 3725 V,
843 3661 918 3730 167).

196 3757 214 3808 5
248 3753 499 3826 Epp.11‚1,dr.

196 3852 211 3904 l
247 3853 295 3904 Aa
311 3851 385 3903 Aeo·
404 3849 459 3913 xl,
482 3852 544 3907 602.

156 3997 161 4010 ,
198 3949 214 4001 t
249 3949 478 4016 Sop.p.v82,2.
537 3979 539 3986 ν

197 4047 213 4098 b
233 4047 297 4098 Ad
313 4047 378 4098 Aen
399 4043 469 4109 Vll,
490 4046 516 4106 3,
539 4063 578 4098 ιο.
600 4049 680 4098 Brut·
699 4047 750 4116 74,
773 4046 832 4102 258.
