2894 4986
734 357 775 419 14

241 533 363 624 Vaga
391 555 431 600 ex
465 535 533 618 ipso
555 535 701 600 virorum
725 532 874 620 ingenio,
897 533 987 619 quod
1008 535 1049 599 ad
1071 533 1246 600 mirificam

243 677 283 724 ex
306 656 391 724 vitae
411 655 579 722 severitate
603 653 801 718 hilaritatem
823 653 962 718 diffundi
983 652 1125 730 solebat,
1149 657 1251 720 refel-

240 775 301 852 lit,
331 787 371 840 ut
398 773 480 838 nihil
507 771 598 839 dubii
620 784 770 849 maneat,
793 770 874 858 quin
897 791 971 836 cam
993 771 1248 838 familiaritatem

241 893 276 958 iu
315 892 430 958 Lucilii
472 890 647 976 pueritiam
675 889 820 956 incidisse
847 901 1038 958 statuamus.
1094 889 1248 955 Alterum

240 1031 318 1078 vero
345 1011 474 1098 gratius
505 1009 643 1075 ridetur.
688 1006 774 1074 Nam
803 1028 843 1073 ex
874 1005 1000 1079 Horatii
1023 1007 1036 1054 1
1060 1007 1165 1073 verbis
1194 1011 1249 1072 es·

242 1129 315 1195 licit
350 1128 588 1204 Wuelluerus‚
623 1126 811 1203 Lucilium,
835 1147 902 1211 quo
924 1139 1073 1209 tempore
1096 1125 1150 1190 illa
1164 1147 1248 1212 gau·

241 1250 333 1314 deret
356 1246 456 1312 Laelii
479 1260 512 1311 et
532 1242 688 1330 Scipionis
720 1244 898 1310 honorifica
920 1244 1159 1321 familiaritate,
1177 1247 1249 1329 jam

242 1368 388 1432 carmina
407 1364 621 1450 composuisse
643 1385 864 1452 magnamque
886 1376 920 1429 et
941 1362 1080 1450 gloriam
1091 1364 1249 1447 adeptum

242 1505 307 1552 csse
334 1496 368 1549 et
396 1505 474 1551 vcro
506 1482 665 1549 scribendi
695 1483 845 1549 libertate
868 1495 901 1548 et
923 1481 1057 1548 audacia
1080 1481 1249 1569 ingentem

242 1615 371 1670 metum
402 1601 523 1670 civibus
546 1601 696 1688 injecisse.
751 1599 849 1687 Quod
872 1623 992 1689 negans
1014 1601 1085 1666 fieri
1107 1600 1250 1686 potuisse

241 1745 263 1788 a
278 1724 398 1808 jurene
420 1720 536 1808 viginti
556 1721 646 1786 aunis
668 1720 796 1787 minore
814 1721 882 1787 sine
900 1721 993 1809 gravi
1010 1718 1248 1805 imprudentiae

245 1841 458 1926 licentiaeque
481 1841 675 1916 offensione,
710 1851 813 1906 aetate
833 1843 903 1926 jam
920 1839 1161 1925 provectiorem
1186 1839 1250 1903 hoc

244 1979 326 2045 opus
357 1979 544 2047 aggressum
567 1979 647 2036 ease,
681 1960 770 2045 quod
800 1980 862 2025 nec
884 1958 993 2024 Laelio
1014 1979 1075 2023 nec
1104 1954 1248 2039 Scipioni

241 2079 445 2164 displiceret,
478 2075 637 2163 perhibet.
684 2076 724 2142 ln
757 2079 806 2144 his
837 2077 1014 2144 relutuudis
1034 2076 1080 2140 ita
1099 2087 1246 2142 versatur

240 2197 385 2286 Varges,
417 2209 456 2262 ut
488 2196 668 2280 auspicetur
695 2197 862 2280 primum,
897 2194 1071 2260 Horatium
1105 2191 1248 2258 retulisse

243 2319 285 2384 ad
306 2331 436 2401 tempus
455 2314 601 2399 superius
621 2337 680 2392 ea,
704 2336 787 2400 quae
809 2315 961 2396 Lucilius,
986 2318 1095 2388 Laelio
1112 2323 1247 2408 quidem

242 2435 413 2520 superstite
433 2435 489 2498 sed
510 2445 643 2500 mortuo
654 2431 824 2520 Scipione,
844 2437 1027 2522 scripsisset,
1039 2453 1112 2506 tum
1125 2442 1247 2518 doceat,

244 2553 344 2622 etiam
376 2552 464 2618 salvi
494 2551 619 2620 Horatii
649 2554 714 2619 fide
741 2569 776 2622 et
796 2557 990 2624 auctoritate
1012 2559 1094 2626 nihil
1116 2557 1248 2626 absmdi

244 2694 396 2752 manere;
420 2673 534 2756 procul
570 2671 671 2738 dubio
698 2674 786 2740 enim
816 2673 1001 2759 Scipionem
1021 2690 1055 2744 et
1077 2678 1248 2756 Laelium,

245 2790 473 2861 adolescentuli
515 2790 751 2858 admirabiliter
782 2795 912 2884 ingenio
944 2811 978 2863 et
1008 2799 1155 2864 moribus
1188 2799 1249 2863 de·

244 2916 396 2988 lectatos,
420 2908 528 2976 faciles
550 2909 591 2974 ad
614 2911 864 2979 condonandum
888 2916 983 2981 aetati
1008 2916 1123 2994 fuisse,
1148 2917 1248 3002 quid-

245 3031 325 3118 quid
359 3027 579 3097 inclaresceuti
610 3033 724 3112 potitae
758 3032 861 3098 acrius
883 3035 1090 3122 amariusque
1120 3036 1247 3103 dictum

241 3150 421 3216 excidisset.
465 3147 547 3216 Mihi
579 3169 656 3214 vero
691 3148 788 3234 ipsitu
820 3150 896 3217 belli
931 3153 1091 3220 rationem
1113 3153 1248 3221 habenti

244 3271 327 3338 nihil
358 3270 485 3336 obstare
508 3270 659 3348 videtur,
679 3271 854 3358 quominus
876 3272 1000 3340 Horatii
1023 3275 1248 3341 testimonium

243 3387 448 3456 verisimum
475 3407 540 3453 esse
560 3402 761 3467 statuamus,
784 3361 845 3457 dec
866 3404 995 3458 tantum
1017 3373 1101 3460 ante
1115 3392 1244 3480 Scipio-

244 3505 293 3571 nis
318 3515 479 3580 mortem,
503 3523 586 3589 quae
605 3507 721 3573 accidit
743 3508 807 3574 625
823 3509 929 3596 (129),
951 3513 1006 3576 scd
1018 3511 1086 3596 ipso
1098 3526 1249 3597 tempore

245 3623 322 3690 belli
366 3621 560 3690 Numantini
593 3623 757 3690 Lucilium
790 3629 963 3694 satirarum
1002 3630 1248 3698 scribendarum

245 3742 415 3809 exordium
427 3738 545 3806 secisse.
590 3739 687 3826 Quod
710 3757 819 3809 autem
843 3747 887 3812 ita
909 3748 997 3825 dixi,
1020 3748 1097 3814 belli
1121 3751 1248 3816 ratione

245 3887 299 3932 mc
329 3863 365 3927 in
386 3864 471 3926 hanc
493 3860 681 3946 opinionem
702 3866 898 3949 perductum
921 3889 999 3946 csse,
1023 3870 1248 3936 assentientem

280 4192 293 4229 ι
331 4169 554 4237 uat.11,1,65.
