2888 4972
748 377 815 450 288

278 573 366 634 tem,
398 564 468 645 jam
500 563 554 625 ilia
577 583 643 626 non
671 564 811 646 amplius
841 564 963 628 latebct
984 567 1068 630 ritas
1085 583 1295 652 morumque·

277 677 506 744 commutatio.
530 676 689 763 Scipioni,
714 681 766 744 cui
787 701 855 745 non
876 682 985 746 minus
998 683 1170 749 incolumis
1185 707 1293 769 quam

278 797 417 882 gloriosa
434 797 500 862 vitu
519 795 700 884 obtigerat,
723 797 905 864 Numantid
917 802 1066 866 redeunti
1083 801 1295 880 inimicitiae,

277 915 520 992 contentiones,
549 915 680 980 insidiae
711 917 930 1000 parabantur,
963 933 1062 1003 stqtu
1083 921 1151 1003 ejus
1168 922 1292 988 eximia

280 1035 385 1098 uirtus
411 1046 536 1098 tentam
562 1034 654 1098 brevi
674 1032 832 1098 invidiam
857 1036 980 1099 civium
1003 1039 1182 1112 excitabat,
1206 1063 1293 1125 quae

280 1175 347 1218 non
379 1154 436 1216 nisi
460 1171 538 1216 nece
556 1155 623 1236 ejus
644 1152 790 1238 extingui
814 1166 930 1235 posset.
976 1156 1086 1239 Atque
1106 1159 1187 1221 haec
1211 1160 1292 1242 qui-

279 1278 354 1337 dem
376 1271 565 1358 gravissima
584 1271 748 1334 oelamitas
768 1284 807 1334 ut
821 1272 965 1356 graviter
985 1275 1199 1340 commovisse
1224 1277 1291 1341 Ln-

281 1393 343 1456 cilii
375 1391 524 1454 animum
558 1399 656 1473 atque
686 1387 870 1454 incredibili
906 1389 967 1454 siri
998 1391 1178 1469 desiderio,
1214 1397 1291 1459 delo

280 1511 406 1586 necati,
439 1508 577 1572 adunisse
608 1509 766 1571 censenda
789 1521 850 1583 est,
882 1509 928 1573 ita
950 1512 1038 1575 haud
1065 1511 1165 1575 dubie
1181 1515 1296 1578 studio

282 1653 358 1698 eum
382 1627 545 1700 incendit,
563 1637 602 1688 ut
624 1626 696 1689 istas
713 1625 870 1708 injurias,
889 1627 1008 1712 quibus
1020 1621 1120 1693 invidi
1132 1628 1296 1714 Scipionis

281 1764 467 1815 extremum
481 1745 565 1808 vitae
574 1743 775 1808 curriculum
789 1744 971 1826 petiissent,
985 1747 1208 1816 ulciscerentr.
1233 1751 1294 1813 ln-

280 1874 320 1933 ‹le
340 1871 483 1937 sactum,
498 1875 535 1925 ut
548 1860 695 1943 superior
709 1865 868 1926 nostrade
879 1864 1022 1946 personis
1037 1864 1213 1932 Lucilianis
1225 1867 1296 1933 dis*

243 2027 247 2034 ·
281 1984 410 2072 quisitio
433 1982 520 2044 baud
541 1997 687 2042 raronoa
712 1979 855 2064 ooe'gerit
877 1981 975 2066 ipsius
998 1979 1156 2067 Scipionis
1165 1987 1294 2050 meini-

281 2107 381 2177 nisse,
407 2102 458 2163 vel
482 2097 689 2160 Metellum
710 2096 850 2160 ludentis
870 2113 902 2161 et
915 2101 1113 2186 castigantis,
1128 2106 1181 2166 vel
1194 2103 1295 2169 cas·

281 2221 374 2286 boni
393 2217 520 2281 sortiter
542 2215 713 2278 resistentis
728 2259 736 2290 ,
750 2218 801 2279 vel
814 2213 956 2280 Cottas
979 2217 1057 2284 vitia
1070 2221 1294 2310 perstringen-

282 2341 340 2415 tis,
370 2338 418 2400 vel
448 2331 638 2416 exponentis
666 2331 835 2414 improbos
867 2332 1025 2399 Claudii
1060 2339 1185 2402 Aselii
1220 2363 1295 2404 mo-

281 2477 341 2522 res.
374 2452 436 2518 Sed
449 2449 599 2535 quamvis
615 2450 758 2534 ingenua
780 2451 1001 2537 indignatione
1019 2470 1151 2520 rnoturn
1169 2457 1205 2520 in
1217 2461 1293 2522 istc-

281 2595 357 2637 rurn
385 2568 569 2655 detegendis
595 2566 740 2632 moribus
775 2569 1038 2656 facinoribusque
1063 2575 1297 2654 patefaciendis

282 2704 447 2756 versatum
474 2687 569 2752 fuisse
594 2699 745 2768 apparet,
771 2687 920 2770 quamuis
945 2687 1065 2752 Metelli
1090 2692 1297 2770 amicitiani,

282 2811 338 2895 qni
358 2806 566 2890 displicuisset
587 2802 749 2886 Scipioni,
773 2803 921 2888 inhujus
940 2799 1303 2891 gratiarnrepudiavit,

283 2925 451 3013 wamiis,
471 2921 629 3008 sagaciter
642 2941 741 2983 omne
761 2921 828 2985 vitii
842 2943 880 2986 ac
892 2923 1101 3006 turpitudinis
1118 2927 1298 3014 vestigium

283 3048 441 3120 odoram,
475 3038 596 3127 ingenii
620 3039 757 3102 humani
780 3039 917 3104 latebras
943 3040 1108 3120 nudavit,
1144 3047 1299 3129 qumvis

282 3163 365 3227 tristi
400 3179 494 3225 versu
527 3177 653 3222 scurras
681 3171 714 3220 ct
747 3171 877 3240 nepotes
912 3171 945 3222 et
979 3161 1157 3227 neltulones
1190 3165 1300 3242 laesit,

284 3295 394 3344 tamen
424 3281 569 3344 multum
598 3277 705 3340 abfuit
729 3290 767 3341 ut
791 3297 920 3361 semper
946 3279 980 3342 in
1010 3281 1073 3348 isne
1102 3303 1171 3348 uno
1194 3305 1301 3370 ψ.

284 3411 398 3462 mentc
424 3397 568 3462 maxime
589 3397 718 3483 ingrato
738 3397 929 3462 elaboraret.

328 3516 549 3593 Meminimus,
561 3515 700 3580 studiose
713 3537 789 3580 eum
802 3514 923 3592 omnia,
936 3537 1020 3604 quae
1032 3516 1067 3582 in
1079 3517 1211 3586 virtutis
1219 3523 1302 3586 deti·

285 3638 440 3702 nitionem
457 3633 550 3698 dicia
569 3634 767 3718 philosophis
779 3637 939 3708 solerent,
953 3635 1064 3718 paucis
1076 3635 1223 3704 senibus
1234 3645 1304 3706 col·

283 3757 394 3840 legisse
406 3769 438 3818 et
450 3773 623 3827 enarrasse,
637 3771 740 3835 eaque
753 3753 847 3815 scisse
859 3751 1011 3817 Ciceroni
1024 3759 1198 3838 exemplo,
1212 3761 1304 3824 unde

285 3873 353 3947 nic,
367 3872 556 3936 Pnriaetiunt
574 3879 722 3944 secutus,
737 3871 865 3936 vivendi
883 3869 986 3935 officis
999 3873 1143 3937 traheret
1156 3873 1184 3936 ¹.
1209 3875 1305 3940 Lau-

287 4021 343 4033 ...-
359 4021 566 4033 -s--ffl

319 4113 329 4148 s
371 4114 397 4156 p.
419 4114 467 4166 79,
487 4097 545 4154 162.
564 4097 611 4149 Cf.
634 4099 695 4150 ret.
