2894 4986
788 373 807 433 i

286 575 395 641 attulit
425 577 615 662 antiquitas,
649 575 868 661 perpensione.
912 575 1009 662 Quod
1031 587 1141 641 autem
1161 575 1285 640 mirum

286 723 387 789 videri
408 725 505 808 possit
529 724 741 791 consideranti
755 771 763 801 ,
777 724 891 789 satirae
911 724 1137 791 Romanorum
1155 745 1215 788 nec
1225 745 1289 788 na-

286 885 361 937 tura
394 895 454 938 nec
480 874 563 938 ratio
591 873 727 938 obseura
759 886 816 938 aut
843 873 954 960 ignota
985 885 1042 938 est.
1097 871 1287 957 Principum

286 1019 394 1096 enim,
425 1021 482 1106 qui
508 1021 542 1085 in
572 1041 610 1085 eo
634 1026 762 1105 poeseos
778 1041 895 1107 genere
917 1018 1147 1096 elaborarunt,
1165 1019 1287 1104 scripta

286 1181 412 1232 servata
449 1167 540 1232 nobie
574 1181 650 1232 sunt
678 1181 710 1232 et
756 1167 905 1231 omnium
940 1175 1093 1232 teruntur
1123 1166 1287 1234 manibus.

286 1315 383 1402 Viget
412 1316 562 1381 omnium
586 1315 721 1392 animis,
739 1317 797 1401 qui
816 1319 879 1381 hoc
897 1337 963 1380 non
976 1316 1084 1381 minus
1108 1337 1208 1400 quam
1231 1319 1286 1402 ly·

288 1463 356 1528 rico
378 1485 495 1550 genere
517 1463 601 1528 inter
621 1466 768 1548 aequales
784 1485 856 1529 suos
873 1465 1045 1539 inclaruit,
1072 1460 1290 1538 Horatius,

284 1609 490 1696 obtinuitque
507 1611 593 1676 idem
614 1613 852 1696 principatum,
872 1625 910 1676 ut
929 1611 984 1688 iis,
1002 1611 1059 1696 qui
1076 1612 1175 1676 secuti
1195 1624 1289 1689 sunt,

282 1761 435 1846 quamvis
461 1761 558 1846 ipsius
583 1775 687 1828 artem
712 1775 745 1827 et
762 1761 867 1826 studia
883 1759 1068 1837 aemulatio,
1089 1773 1200 1826 tamen
1219 1763 1291 1844 pal·

285 1930 377 1972 mam
404 1930 471 1973 non
488 1909 634 1987 cesserit3
652 1909 732 1994 quin
752 1909 786 1972 bi
807 1907 889 1992 ipsi,
911 1907 969 1993 qui
996 1906 1121 1972 Horatii
1141 1906 1290 1973 laudibus

287 2077 409 2144 magno
428 2070 462 2122 et
484 2057 638 2140 temporis
669 2071 702 2123 et
721 2058 828 2121 famae
854 2056 1024 2121 intervallo
1046 2068 1290 2133 successerunt,

286 2201 305 2267 J
312 2205 496 2268 uvenalis
525 2216 558 2268 et
577 2203 748 2280 Persius,
766 2217 800 2268 et
816 2206 987 2268 doctorum
1004 2216 1149 2268 mentem
1176 2217 1291 2268 tenent

285 2373 347 2416 nec
366 2351 557 2416 discentium
575 2373 690 2416 manua
713 2350 883 2438 effugiunt.
912 2349 1004 2416 Ferri
1023 2349 1122 2438 igitur
1139 2353 1179 2415 de
1190 2349 1288 2416 satira

284 2499 457 2576 Romana,
484 2498 606 2565 abhoc
626 2499 834 2565 triumviratu
859 2501 966 2575 culta,
988 2498 1149 2581 judicium
1174 2510 1292 2581 potest.

285 2643 331 2710 At
351 2667 429 2710 vero
437 2646 507 2730 jam
522 2645 672 2732 attigerat
684 2647 737 2710 illa
748 2645 972 2710 maturitatem
983 2665 1098 2721 suam,
1122 2664 1188 2729 quo
1201 2656 1295 2709 tem·

284 2815 364 2879 pore
392 2794 502 2859 saurae
532 2815 603 2858 suas
625 2794 768 2858 ediderat
794 2791 964 2870 Horatiua;
992 2791 1097 2856 omnis
1118 2805 1229 2856 autern
1248 2792 1289 2856 de

284 2943 353 3026 ejns
372 2939 516 3027 origine,
540 2938 656 3014 initiis,
672 2939 846 3024 primoque
857 2941 898 3003 ad
910 2938 1113 3022 perfectionis
1125 2937 1293 3025 fastigium

285 3085 357 3151 nisu
371 3099 469 3171 atque
493 3085 583 3151 aditu
606 3083 783 3170 disquisitio
805 3084 955 3168 priorum
974 3089 1146 3168 positarum
1159 3105 1293 3150 memo-

286 3233 337 3299 ria
368 3233 570 3310 continetur,
607 3253 709 3317 quae,
733 3245 890 3317 quatenus
920 3253 1019 3317 opera
1049 3231 1155 3297 haein
1172 3253 1208 3296 re
1227 3253 1294 3316 po-

286 3381 347 3447 sita
365 3393 551 3464 spectatur,
575 3380 716 3446 obscuris
741 3381 886 3447 involuta
903 3381 1089 3446 testimoniis
1110 3381 1164 3446 vix
1187 3381 1294 3446 stabi·

289 3530 356 3592 lem
378 3526 570 3592 sententiam
583 3527 737 3595 admittit.
759 3527 886 3593 Primus
909 3527 1062 3593 Ennius
1085 3531 1243 3594 nonnulla
1256 3529 1292 3594 in

288 3674 352 3738 hoc
383 3694 500 3761 genere
523 3673 684 3750 condidit,
707 3673 899 3740 Pacuvius
927 3674 1026 3739 etiam
1053 3675 1163 3740 satiras
1186 3678 1293 3741 fertur

288 3821 459 3906 scripsisse:
471 3820 669 3905 scripserunt
681 3822 795 3887 deinde
806 3821 984 3888 Lucilius
999 3835 1032 3888 et
1049 3821 1181 3901 Varro,
1194 3835 1293 3908 atque

290 3970 344 4034 bic
369 3970 501 4055 quidem
518 3969 717 4056 singularem
740 3968 839 4034 edidit
858 3969 1026 4046 libellum,
1051 3992 1119 4057 quo
1142 3971 1182 4036 de
1201 3993 1294 4036 eom-

286 4119 461 4205 positions
483 4120 684 4184 satirarum
719 4117 887 4202 agebatur.
933 4116 1060 4182 Horum
1091 4119 1115 4183 si
1144 4141 1294 4202 superes·
