2894 4986
780 381 823 443 78

303 580 455 626 veranum
475 558 607 624 indulsit
621 559 631 606 ¹
645 603 654 635 ,
668 558 755 622 haud
766 578 964 644 magnopere
985 577 1043 624 noo
1062 558 1177 624 latebit
1205 557 1307 624 vitio-

299 702 377 746 rum
394 701 508 755 causa,
529 699 614 763 quae
636 678 671 742 in
693 676 843 761 operibus
870 680 939 762 ejua
955 680 1029 763 jure
1050 678 1171 763 posteri
1190 698 1309 763 repre·

297 801 491 864 henderunt.
536 796 609 864 Alia
631 796 694 861 fuit
716 796 857 862 Romam
882 797 1007 862 reducis
1019 797 1170 862 conditio.
1215 795 1309 863 Sub-

299 917 365 1004 egit
391 916 480 982 enim
502 928 650 980 mentem
684 936 778 980 ouem
801 913 958 992 Homeri,
981 928 1014 981 ct
1043 914 1246 1003 tragicorum
1269 937 1311 982 ac

300 1036 503 1102 comicorum
533 1031 758 1111 Graecorum,
788 1033 869 1098 item
903 1033 1098 1100 Latinorum
1132 1039 1309 1118 poetarum

287 1153 448 1230 lectione.
486 1151 654 1216 Praeterea
677 1151 915 1235 philosophiam
943 1149 1144 1220 Graecorum
1166 1152 1247 1218 adiit
1268 1172 1309 1218 ac

302 1273 423 1339 coluit:
446 1271 545 1357 idque
575 1272 627 1335 vel
647 1269 722 1335 inde
744 1270 824 1334 effici
845 1283 974 1354 potent,
993 1274 1082 1356 quod
1105 1291 1183 1336 eum
1203 1269 1311 1336 Clito-

303 1393 438 1458 machus
466 1389 635 1476 siugularis
656 1388 731 1452 libri
758 1389 955 1454 dedicatione
977 1389 1159 1456 honorarit.
1204 1387 1312 1475 Cujus

305 1510 380 1575 libri
412 1521 646 1596 argumentum
675 1510 773 1593 quale
794 1507 916 1584 suerit,
951 1505 1066 1574 Cicero
1088 1508 1180 1574 nobie
1201 1529 1310 1593 expo-

302 1629 376 1694 suit.
400 1627 549 1713 Namque
571 1627 627 1691 illo
647 1626 808 1712 significat
830 1629 940 1691 totino
955 1627 1309 1714 pbilosopbiooCor-

301 1745 445 1814 mudena
462 1748 622 1833 primam
642 1748 902 1811 institutionem
913 1758 944 1810 el
960 1749 1065 1834 quusi
1077 1746 1310 1835 disciplinam

305 1865 482 1941 contineri,
506 1877 605 1950 atque
624 1863 673 1930 hie
698 1867 764 1928 lere
785 1864 890 1930 verbio
908 1865 1069 1948 scriptum
1080 1887 1161 1932 erse:
1187 1889 1205 1934 o
1219 1867 1310 1933 Aca-

305 1983 438 2050 demicis
462 1987 610 2068 placere,
632 2005 696 2048 esse
715 1957 828 2048 rerum
851 1984 1008 2068 ejusmodi
1021 1983 1310 2061 dissimilitudines,

306 2117 346 2168 ut
373 2103 453 2167 aliae
474 2101 658 2187 probabiles
676 2101 867 2179 videantur,
891 2101 970 2166 aliae
988 2114 1122 2167 contra:
1145 2102 1180 2166 id
1197 2113 1309 2167 autem

303 2242 372 2287 nou
402 2244 465 2288 ease
493 2223 584 2298 ratio,
614 2241 673 2286 cur
693 2221 755 2285 alia
779 2241 869 2304 poete
881 2221 1004 2305 percipi
1028 2221 1134 2300 dicae,
1157 2221 1219 2287 alin
1240 2242 1308 2287 non

304 2359 412 2422 poaae3
449 2351 621 2422 propterea
651 2340 740 2422 quod
760 2340 866 2403 multa
895 2341 973 2404 falna
1008 2338 1191 2423 probabilia
1219 2339 1308 2417 tint,

304 2457 386 2521 nihil
413 2471 524 2521 autem
548 2456 617 2520 salai
640 2468 832 2540 perceptum
864 2471 897 2522 et
921 2457 1091 2544 cognitum
1110 2457 1208 2543 poerit
1231 2479 1307 2525 crae.

305 2573 420 2659 ltaque
444 2576 653 2640 vehementer
675 2593 783 2639 errare
800 2593 871 2652 eoo,
900 2575 956 2659 qui
977 2575 1107 2653 dicant,
1130 2576 1172 2642 ub
1185 2574 1310 2644 Acade·

304 2693 373 2760 mia
385 2713 493 2760 remur
512 2692 616 2777 eripi,
653 2692 808 2779 aquibur
832 2713 1002 2779 nunquam
1023 2695 1148 2761 dictum
1163 2695 1223 2773 ait,
1251 2708 1310 2761 aut

305 2814 468 2888 colorem,
500 2824 559 2876 aut
583 2831 733 2895 saporem
756 2823 813 2876 aut
834 2831 951 2876 conum
973 2815 1102 2878 nullum
1117 2835 1203 2892 erce,
1226 2813 1307 2880 illud

302 2933 345 2999 rit
377 2932 598 3016 disputatum,
630 2951 697 2996 non
732 2931 830 2995 inerte
859 2931 894 2994 in
922 2931 970 2997 hir
994 2932 1188 3017 propriam,
1221 2954 1309 3019 quae

304 3072 467 3137 nmquam
495 3046 571 3114 olibi
601 3060 696 3124 erret,
730 3047 798 3112 veri
822 3060 855 3112 et
872 3049 950 3113 certi
974 3062 1100 3114 notam.
1121 3087 1163 3102 -
1187 3049 1308 3136 Dupli-

306 3172 389 3252 citer
421 3169 522 3255 igitur
557 3166 636 3243 dici,
668 3165 811 3232 anomia
829 3166 986 3234 sustinere
1003 3169 1202 3253 rapientem:
1238 3190 1306 3234 uno

305 3288 422 3361 modo,
458 3306 565 3370 quum
586 3287 649 3350 hoc
681 3284 881 3371 intelligatur
905 3287 1039 3351 omnino
1053 3307 1130 3350 eum
1158 3288 1205 3352 rei
1225 3288 1309 3352 nulli

304 3403 466 3470 corentini:
502 3406 618 3481 altero,
653 3424 758 3489 quum
791 3423 825 3468 ae
858 3425 877 3469 a
910 3404 1132 3487 respondendo
1165 3405 1217 3494 (ut
1251 3418 1308 3470 aut

305 3522 467 3608 approbet
492 3524 592 3607 quid,
626 3536 682 3587 aut
707 3521 886 3610 improbet)
923 3523 1098 3602 sustineam
1133 3539 1172 3590 ut
1201 3547 1309 3611 neque

305 3656 402 3734 neget
421 3641 563 3725 aliquid,
585 3661 690 3725 neque
710 3644 776 3726 ajat
786 3641 812 3706 2.
827 3663 844 3702 n
891 3640 1100 3725 Smpicamur
1124 3645 1228 3720 facile,
1251 3665 1307 3710 ra·

305 3821 583 3838 ——ss--ae

341 3948 352 3983 ι
391 3927 458 3997 Sap.
478 3946 505 3997 p.
530 3929 574 3985 rb.

338 4045 355 4082 :r
390 4027 481 4080 Acad.
497 4025 539 4091 11,
559 4027 682 4093 32,102.
704 4026 770 4082 Vid.
790 4045 850 4095 nup.
868 4045 895 4096 p.
915 4028 959 4098 47.
