2888 4972
758 405 822 465 312

328 579 395 645 Sed
408 584 480 644 eive
501 585 702 670 armigerae
722 577 839 646 rident
865 581 1066 646 Tritonidis
1088 603 1204 657 aroer,

326 698 391 765 Seu
417 699 685 764 Lacedaemonio
711 701 820 765 tellus
845 701 1010 765 habitato
1033 701 1172 778 colono,

326 816 554 906 Sirenumque
571 819 715 896 domae,
739 819 794 884 det
812 823 951 906 primos
974 819 1131 884 auribus
1153 841 1284 894 annos,

326 938 591 1026 Maeoniumque
615 939 710 1002 bibat
723 937 834 1026 salici
851 951 988 1025 pectore
1011 937 1181 1026 sonteme‘

324 1057 409 1123 Moe
433 1071 485 1135 et,
508 1055 687 1124 Socratico
705 1060 833 1146 plenae
853 1082 981 1148 grege,
1005 1071 1115 1123 mutet
1142 1059 1295 1123 habenas

325 1177 431 1242 Liber
451 1191 483 1242 et
506 1182 664 1268 ingentis
687 1182 829 1266 quatiat
848 1177 1090 1244 Demosthenis
1113 1201 1229 1274 arma.

325 1297 416 1361 Hine
438 1295 597 1362 Romana
620 1321 744 1362 manue
767 1296 1011 1383 circumfluat,
1025 1308 1056 1362 et
1070 1295 1167 1362 modo
1181 1293 1297 1382 Graio

324 1415 531 1481 Exonerata
549 1439 630 1482 rano
652 1428 761 1482 mutet
782 1415 919 1503 suffusa
939 1439 1122 1505 saporem:

323 1533 507 1601 Interdum
529 1534 699 1601 subducto
716 1534 803 1623 soro
824 1533 880 1600 det
897 1539 1038 1625 pagina
1059 1553 1228 1612 cursum,

322 1653 376 1717 Et
389 1653 545 1742 fortuna
565 1667 659 1718 sonet
676 1655 783 1720 celeri
804 1631 977 1720 discincta
997 1667 1125 1722 meatu.

319 1769 413 1836 Dent
428 1773 568 1857 epulae,
593 1785 624 1836 et
647 1773 761 1848 bella,
786 1776 885 1837 truci
907 1787 1099 1839 memorato
1124 1795 1275 1840 canore.-

321 1889 549 1978 Grondiaque
567 1891 736 1958 indomiti
757 1893 935 1957 Ciceronis
949 1893 1051 1959 verba
1071 1897 1240 1960 minetur.

319 2010 388 2074 llis
413 2014 574 2074 animum
595 2015 759 2100 nearinge
780 2012 900 2088 bonis,
924 2016 978 2077 sio
989 2012 1145 2100 flumine
1169 2015 1277 2104 larga

322 2129 476 2207 Plenus,
500 2130 626 2195 Pierio
650 2128 813 2219 defundes
835 2144 970 2218 pectore
992 2131 1131 2198 nutat

272 2247 345 2314 Non
368 2271 443 2314 sans
468 2263 646 2327 constat,a
679 2251 870 2316 choliambis
891 2253 933 2315 ad
953 2253 1209 2318 hexametros
1233 2253 1299 2318 Pe·

274 2368 422 2432 tranium
447 2368 561 2432 Lucilii
583 2367 765 2433 imitatione
777 2368 950 2434 transiisse:
975 2369 1076 2434 videri
1088 2372 1177 2434 enim
1189 2385 1299 2455 potest

275 2487 489 2554 acerbitatem
514 2479 644 2550 tantum
671 2481 875 2553 Lucilianum
899 2479 1083 2572 exprimere
1103 2487 1242 2554 voluisse
1266 2503 1299 2556 et

272 2605 417 2670 carmine
439 2607 527 2690 quod
547 2588 706 2671 sentiebat
725 2609 901 2672 effundere.
926 2607 1052 2674 Verum
1065 2621 1208 2692 utruque
1221 2631 1297 2674 mo·

273 2726 316 2788 do
339 2745 415 2788 eum
440 2739 589 2788 secutum
614 2745 678 2790 esse
701 2726 818 2820 yetsris
835 2731 955 2810 poetes
974 2727 1181 2810 exemplum,
1211 2749 1297 2810 pro-

274 2841 414 2908 babilius
439 2857 498 2908 est.
533 2843 679 2910 Fortasse
703 2844 801 2908 etiam
824 2844 1040 2923 disticha,
1065 2847 1156 2930 cujus
1185 2867 1295 2910 unum

273 2976 426 3041 tantum,
450 2962 672 3048 Metrophenis
696 2963 904 3048 epitaphium
918 2964 955 3042 Ι,
979 2965 1125 3053 legitur,
1149 2967 1184 3030 in
1204 2969 1295 3054 trag·

272 3083 392 3148 mentis
413 3085 510 3166 plura
531 3085 645 3147 latent.
671 3080 769 3148 Certe
789 3083 924 3148 Ausonii
938 3081 1086 3150 Villula
1099 3131 1109 3162 ,
1121 3087 1211 3170 quod
1225 3085 1295 3150 Lu-

274 3202 392 3266 ciliano
424 3204 508 3288 stylo
544 3215 715 3267 exaratum
755 3203 960 3285 poematium
992 3225 1055 3270 esse
1088 3204 1229 3270 uidimus
1260 3206 1294 3283 ³,

272 3320 414 3385 distichis
451 3321 672 3405 compositum
705 3334 815 3386 totum
850 3335 914 3388 est:
949 3323 986 3386 in
1019 3343 1086 3408 quo
1107 3326 1215 3388 fateor
1237 3347 1295 3390 me

272 3437 397 3503 nescire
421 3439 502 3523 quid
517 3439 682 3504 Lucilium
705 3441 808 3526 sapiat
830 3455 961 3526 praeter
981 3445 1037 3508 has
1057 3443 1197 3529 figures:

319 3557 480 3622 Paruum
502 3557 737 3636 herediolum,
758 3559 902 3647 fateor.-
925 3559 985 3625 eed
1006 3559 1109 3624 nullo
1126 3558 1212 3647 suit
1236 3585 1293 3628 ree

355 3676 479 3741 Paroa
500 3697 655 3764 unquam
669 3681 949 3766 aequanimis,
961 3675 1047 3744 adde
1059 3681 1168 3744 etiam
1191 3703 1292 3745 unn-

1098 3801 1245 3868 nimie.

310 3978 321 4013 ι
364 3963 484 4017 Satiris.
499 3980 525 4015 c.
541 3961 568 4017 5.
587 3968 733 4020 Breuci
750 3969 869 4022 Anthal.
889 3973 956 4025 leat.
975 3969 1037 4036 ΙΙΙ,
1058 3987 1120 4040 127,
1140 3971 1201 4023 128.

307 4077 325 4111 ει
360 4057 430 4124 sep.
449 4076 480 4124 p.
496 4061 543 4124 61,
565 4065 623 4116 ηδ.

307 4155 326 4207 t
359 4174 389 4222 p.
408 4173 467 4226 ¹²⁹·
