2900 4982
211 1073 348 1160 QUEM
369 1071 535 1140 LOCUM
555 1074 785 1144 LUCILIUS
811 1077 863 1144 IN
892 1075 1100 1148 smalh

359 1182 714 1255 SCRIPTOlllBUS
746 1182 948 1255 TENUIT?

556 1503 746 1538 -εοθ-

207 1801 381 1902 Sauram,
396 1845 485 1912 ¹qnae
503 1825 607 1890 mixto
642 1831 836 1909 poematum
856 1840 890 1891 et
902 1827 1087 1892 carminum
1105 1847 1168 1914 ge-

151 1965 233 2010 nere
251 1915 413 2009 (ireecam
438 1944 600 2030 originem
621 1944 812 2027 prodidisset
832 1959 865 2009 et
885 1946 1031 2009 Ennium
1053 1958 1166 2010 aucto-

153 2083 226 2127 rem
246 2062 424 2138 habuisset,
443 2061 617 2144 proprium
638 2061 807 2126 Romanae
830 2068 961 2146 poeseos
984 2059 1086 2148 genus
1098 2063 1164 2128 sac·

153 2193 228 2244 tum
249 2200 314 2244 cere
337 2177 471 2244 Graccis
493 2178 656 2244 intactum
680 2191 714 2242 et
735 2179 960 2265 incognitum,
980 2193 1069 2244 recte
1090 2197 1166 2244 eane

153 2297 262 2362 virum
294 2311 343 2361 art
374 2295 577 2363 Hermanno.
621 2295 736 2382 Neque
767 2317 847 2364 reru
870 2297 1018 2362 dubitati
1038 2310 1167 2380 potest,

154 2415 237 2500 quin
256 2413 344 2478 idem
369 2434 486 2479 verum
507 2414 626 2478 viderit
641 2428 805 2493 statuens,
827 2417 923 2499 hujus
941 2416 1018 2480 novi
1041 2415 1168 2502 generis

154 2537 324 2596 auctorem
347 2544 382 2594 ct
403 2531 610 2596 inventorem
631 2532 674 2595 eh
696 2530 833 2596 Horatio
853 2531 1019 2597 Lucilium
1035 2531 1172 2615 ‘praedi-

155 2648 233 2713 can'.
256 2645 320 2712 Sed
339 2645 532 2732 Quintiliani
552 2647 726 2712 auctoritas
746 2649 863 2723 chatet,
878 2649 1062 2733 'quominus
1074 2663 1172 2733 pute·

155 2783 241 2842 mur,
254 2765 298 2830 ita
317 2764 501 2848 principem
523 2765 557 2828 in
575 2767 643 2849 ejus
668 2765 795 2850 generie
815 2765 1001 2830 inventione
1013 2765 1117 2842 suinae,
1131 2779 1170 2829 ut

155 2882 241 2948 illim
265 2881 370 2947 laudis
398 2903 466 2947 non
487 2885 594 2947 colum
618 2885 790 2946 aemulum
811 2885 943 2945 nullum
966 2903 1005 2946 ac
1022 2883 1170 2959 accium,

153 3001 212 3066 ,red
234 3021 278 3064 ne
299 2999 493 3084 participem
512 3000 647 3082 quidem
670 2999 836 3066 hebuerit.
881 2997 1076 3084 Quintiliani
1099 3021 1171 3067 rer·

156 3117 201 3182 hu
217 3133 313 3184 aunt:
350 3115 491 3186 «Satira
506 3116 642 3202 quidem
660 3130 729 3184 tcta
748 3132 857 3182 uestra
877 3131 943 3193 eet,
966 3118 1002 3180 in
1021 3137 1088 3202 qua
1104 3117 1172 3201 pri·

156 3253 232 3300 mue
261 3235 422 3322 insignem
442 3238 574 3301 laudern
595 3238 731 3320 adeptus
752 3250 801 3301 eet
821 3235 964 3301 Luciliur
983 3271 1039 3301 -.
1054 3255 1071 3296 u
1097 3235 1173 3300 Ma·

158 3353 318 3419 uilertum
342 3367 406 3430 eet,
429 3367 505 3418 amc
523 3353 687 3418 Lucilium
710 3354 878 3418 nemiuem
891 3353 1076 3419 inclaruisse
1094 3353 1175 3420 ecri-

158 3469 274 3535 hendis
297 3471 422 3550 eetirie3
447 3472 529 3535 nihil
540 3493 618 3536 vero
629 3471 786 3554 impedit,
810 3493 852 3534 ne
865 3469 1083 3555 Quintilianus
1095 3471 1174 3536 alica

158 3593 271 3672 poe'tm
282 3589 484 3676 cogitaverit,
498 3590 553 3673 qui
568 3589 738 3675 ingenium
748 3602 824 3652 ante
834 3563 1000 3653 Lucilium
1010 3589 1045 3678 in
1058 3565 1172 3652 eodem

159 3725 280 3794 genere
301 3707 473 3789 periclitati
492 3707 644 3782 fuissent,
668 3726 707 3770 eo
722 3719 840 3770 eventu
864 3720 1028 3770 uteorum
1041 3694 1174 3768 conetur

158 3837 272 3888 tenuee
298 3837 330 3887 ct
351 3824 486 3910 exiguos
508 3823 625 3888 Lucilii
646 3823 990 3890 sarnuobecuraviatet.
1010 3821 1054 3909 ¹ln
1071 3843 1174 3906 quam

158 3939 354 4008 sententiam
365 3940 525 4026 ‘quamvis
547 3939 783 4010 Weichcrtum
797 3943 908 4006 locum
922 3939 1173 4022 interpretatum

160 4079 228 4123 este
252 4045 483 4144 cognoverim.
514 4073 625 4124 tamen
654 4059 777 4124 errarit
806 4077 863 4133 ro,
895 4059 984 4140 quod
1007 4057 1177 4132 Ennium.

1440 3811 1442 3864 l

1441 3929 1442 3998 l

1441 4129 1442 4168 l

1441 4252 1442 4286 l

1441 4352 1442 4386 l
