2888 4972
608 425 673 486 2³5

137 617 167 666 ct
201 601 316 666 Crasso
350 599 453 664 risum
488 613 656 674 rnuvsrct,
687 613 719 662 et
748 599 913 680 proverbii
935 603 1006 664 locu
1031 598 1146 663 deinde

138 729 360 799 usurparetur.

181 915 270 984 Haec
295 920 335 982 dc
358 917 499 1002 personis
524 917 697 981 Lucilianis
719 918 981 982 animadvertisse
1004 918 1150 982 sufficiat.

141 1035 179 1100 ln
205 1035 324 1120 quibus
355 1037 533 1121 primores
560 1034 689 1120 populi
716 1034 908 1117 pracsertim
931 1035 1150 1109 attendimus,

143 1174 287 1238 quorum
320 1152 386 1216 vita
410 1165 443 1216 et
464 1172 513 1216 res
533 1151 675 1216 notiores
693 1165 797 1216 erant.
843 1150 907 1216 Scd
931 1152 1029 1216 etiarn
1055 1153 1153 1238 ignu-

144 1270 272 1334 biliorcs
296 1283 431 1354 atquce
457 1269 550 1350 plebe
572 1269 718 1333 homines
736 1270 769 1332 in
791 1291 906 1335 corum
924 1292 1063 1334 numero
1078 1271 1154 1334 fuis-

142 1409 194 1463 se,
219 1389 328 1472 pulum
362 1401 431 1461 cst,
465 1398 563 1470 utque
585 1389 682 1468 plura
706 1389 825 1450 borum
849 1387 983 1451 nominc
1012 1387 1046 1449 in
1065 1389 1155 1472 frag·

147 1505 263 1568 mentis
296 1505 457 1586 corruptis
483 1505 550 1568 sinc
578 1503 680 1567 dubio
702 1507 813 1568 latent.
861 1503 957 1588 Quod
977 1527 1052 1569 vcro
1073 1506 1156 1570 dici-

147 1635 199 1684 tur
226 1622 371 1686 Lucilius
393 1623 555 1704 pupulum
582 1621 751 1684 tributim
774 1625 996 1708 arripuisse,
1019 1645 1054 1686 re
1080 1645 1157 1688 veru

147 1740 285 1824 singulas
307 1738 441 1824 triginta
462 1737 607 1822 quinque
630 1739 733 1802 tribus
755 1751 878 1802 notasse
901 1739 1041 1804 videtur.
1088 1739 1160 1804 Cu-

144 1859 195 1941 jus
219 1855 484 1920 nutationishacc
499 1857 615 1942 exigua
638 1851 771 1942 vestigia
782 1859 991 1939 deprehendi.
1024 1857 1159 1922 Cicero-

150 1997 247 2050 nem,
272 1974 443 2038 Atinutum
470 1986 503 2037 et
537 1973 799 2040 Truculsnorum
829 1995 935 2038 morus
958 1996 1158 2056 computan-

152 2107 239 2168 tem,
264 2091 309 2156 sic
332 2093 469 2156 illustrat
490 2091 690 2155 scholiastes:
718 2115 736 2156 «
749 2091 918 2156 Praetores
938 2105 969 2154 et
995 2092 1070 2155 binc
1094 2091 1161 2156 istis

151 2211 335 2276 civitatibus
360 2208 469 2293 adjicit
487 2209 724 2285 dill‘erenu‘am,
748 2212 837 2294 quod
863 2209 1011 2274 Atinates
1032 2231 1162 2293 semper

152 2328 276 2394 civibus
300 2327 364 2392 suis
382 2329 548 2400 laverant,
581 2326 755 2390 Tusculani
777 2327 960 2408 plurimum
982 2327 1090 2392 livoris
1101 2349 1165 2392 nu·

152 2447 304 2512 turslitcr
326 2445 425 2509 etium
455 2443 541 2508 circa
561 2445 745 2527 municipes
769 2464 841 2510 suos
865 2445 1013 2510 babuisse
1047 2443 1164 2510 uiden·

154 2579 219 2630 tur.
267 2562 321 2627 Sic
352 2576 385 2627 st
411 2561 456 2624 M.
481 2560 564 2626 Catu
593 2562 647 2626 ille
676 2560 846 2626 censorius
875 2583 937 2645 pro
961 2563 1107 2649 mcligno
1132 2576 1165 2627 et

154 2682 265 2746 invido
287 2679 422 2743 habitus
449 2692 507 2742 cst.
553 2676 620 2742 Nec
644 2679 739 2742 aliter
764 2679 863 2743 ctiam
886 2677 1029 2742 Lucilius
1051 2682 1090 2742 de
1108 2699 1167 2742 so·

155 2801 297 2864 rundsm
316 2796 464 2860 muribus
492 2796 607 2871 sentit,
634 2798 697 2859 hoc
719 2796 845 2860 dicens:
861 2798 985 2881 primu
1009 2796 1167 2880 Papiriis

155 2928 195 2981 tu
228 2911 554 2979 solidarum-1.»
586 2912 748 2978 Viderunt
780 2912 975 2996 interpretes
999 2913 1167 2998 corrigen-

155 3037 237 3098 dum
267 3053 332 3097 ssss
365 3029 658 3107 ismaelitarum,
683 3045 836 3115 rectisque
866 3034 1058 3107 effecerunt,
1083 3030 1169 3093 Tus-

156 3157 289 3218 culanus
323 3152 358 3214 in
387 3149 516 3233 Papiria
548 3149 635 3212 tribu
657 3149 851 3234 suffragium
876 3149 1005 3224 tulisse,
1030 3169 1170 3232 cumque

158 3267 380 3335 mubvclcntid
402 3265 561 3332 laborasse
588 3266 681 3330 Livio
712 3280 791 3330 tcstc
814 3267 1008 3350 probarunt.
1055 3267 1171 3351 ltaque

158 3389 287 3453 ridetur
306 3407 439 3452 exorsus
452 3389 550 3468 posits
572 3385 613 3448 sb
636 3387 735 3469 hujus
759 3384 856 3468 ipsius
869 3383 973 3448 tribus
990 3383 1123 3468 Papiri
1130 3403 1171 3449 se

158 3506 338 3570 multione.
371 3503 596 3568 Primnum
620 3521 752 3587 quoquc
769 3501 896 3566 tribum
917 3503 1073 3588 attigisse,
1096 3504 1172 3567 inde

158 3624 353 3708 probabile,
377 3625 466 3707 quud
488 3619 629 3687 canum
655 3623 820 3704 quondan
843 3621 889 3686 sic
911 3620 1105 3705 sppcllssit:

204 3741 328 3804 Calvu’
355 3737 547 3813 Palatius,
570 3740 630 3800 sir
652 3736 785 3802 nobilis
808 3759 849 3802 uc
870 3739 970 3802 bonu’
995 3737 1082 3800 bollo
1096 3735 1122 3798 Β.

617 3881 784 3912 ,ΟΦ-

197 3981 207 4016 ι
250 3961 387 4015 Seirai,
405 3961 495 4014 bot.
525 3965 563 4014 all
580 3984 620 4016 or.
637 3985 668 4035 p.
688 3967 787 4018 Plane.
818 3982 845 4031 p·
866 3962 916 4018 25⁴
938 3919 989 4013 'Ed
1018 3961 1111 4015 osolt.
1130 3960 1176 4016 Cf.

162 4062 235 4111 Isis.
260 4057 348 4123 vill,
368 4059 412 4131 57·

199 4173 213 4206 2
253 4154 383 4206 puell.
406 4156 453 4206 Fr.
475 4155 574 4220 XXX,
594 4158 638 4225 59.
659 4156 704 4210 Cl'.
724 4159 753 4212 J,
777 4156 967 4208 (inlicitis.
992 4152 1175 4218 Veris-lhu-
