2860 4974
637 431 696 491 195

152 603 186 666 in
211 601 375 668 Socratea
400 605 524 668 Lucilio
544 617 695 668 notatum
716 625 791 667 esse.
817 603 950 687 Epicuri
972 619 1160 670 atomorum

150 733 184 784 et
203 721 387 794 idolorum,
413 719 566 795 Cratetis,
581 721 762 784 Polemonis
787 734 820 783 et
832 719 1035 786 Carneadeae
1058 732 1162 788 πιθα-

152 844 281 921 νότητος
318 838 520 902 mentionem
557 843 677 902 factam
705 837 876 914 videmus,
908 861 1015 923 neque
1050 853 1161 904 tamen

152 957 259 1040 liquet
276 960 442 1040 quomodo
466 959 506 1020 de
521 957 557 1020 iis
579 956 812 1020 existimaverit
826 956 852 1019 ¹.
899 955 962 1022 Sed
985 973 1022 1022 ut
1042 959 1162 1040 proha·

151 1073 217 1137 bile
237 1085 300 1147 est,
323 1074 477 1137 ethicae
507 1070 728 1154 philosophiae
752 1072 914 1154 principes
934 1094 1000 1136 nou
1025 1075 1162 1139 intactos

152 1189 195 1254 ab
221 1209 261 1252 eo
281 1190 424 1253 dimissos
445 1211 529 1265 esse,
565 1189 610 1252 ita
639 1189 710 1252 illos
731 1207 864 1273 quoque
886 1211 953 1254 non
977 1212 1163 1256 memorare

152 1329 219 1371 non
241 1308 369 1390 potuit,
395 1307 452 1391 qui
475 1308 509 1369 in
529 1305 694 1392 physica
718 1305 887 1388 disciplina
905 1306 1162 1377 elaboraverant.

152 1421 252 1508 Quod
274 1427 324 1488 vel
348 1424 428 1486 illud
450 1425 563 1487 suadet
586 1435 625 1486 ut
642 1425 829 1497 credamus,
851 1426 939 1507 quod
957 1439 1163 1507 praesentem

153 1558 231 1606 eant
254 1541 465 1626 cognovimus
487 1539 692 1604 sermonibus
711 1541 789 1616 illis,
811 1561 891 1625 qnos
911 1543 945 1603 in
967 1541 1162 1608 Numantiae

153 1659 318 1723 obsidione
350 1677 427 1722 cum
462 1657 587 1721 Rutilio
616 1655 724 1740 Scipio
756 1661 862 1721 fertur
896 1657 1109 1738 miscuisse23
1143 1683 1161 1725 a

152 1776 272 1861 quibus
291 1779 392 1841 ducto
412 1776 504 1839 initio
526 1789 558 1838 et
577 1775 686 1839 studio
706 1775 850 1840 incensus
876 1775 1063 1840 uberiorem
1087 1799 1162 1842 sane

152 1893 303 1958 notitiam
340 1890 424 1957 illius
453 1893 673 1976 philosophiae
705 1894 1016 1975 ephilosophorum
1034 1897 1161 1978 scriptis

152 2011 333 2077 maturiore
357 2023 460 2075 astate
480 2011 632 2074 hauserit.
657 2009 762 2073 Pauca
779 2012 844 2074 huc
867 2012 1053 2094 fragmenta
1071 2034 1161 2095 spee-

154 2143 242 2206 tant,
256 2133 359 2194 velut:
383 2127 572 2213 Principio
579 2127 724 2212 physici
736 2147 848 2190 omnes
862 2125 1016 2191 homines
1027 2151 1067 2192 ex
1079 2135 1162 2194 ani-

153 2272 210 2314 ma
222 2260 255 2312 et
268 2267 407 2333 corpore
418 2255 576 2309 emutare
587 2243 709 2307 dieunt
723 2243 750 2308 3.
774 2242 898 2318 varro,
925 2269 942 2308 a
955 2244 1086 2320 Poetae,
1096 2247 1160 2324 ait,

151 2367 192 2430 de
210 2367 301 2428 coelo
319 2364 406 2446 quod
426 2382 537 2426 semen
555 2361 689 2445 igneum
710 2359 857 2422 cecidisse
874 2360 1033 2423 dicuntia
1046 2383 1161 2440 mare,

151 2505 189 2546 ac
219 2495 331 2544 natam
364 2501 382 2542 e
414 2478 557 2561 spumeis
581 2476 764 2550 Venerem,
798 2478 983 2560 conjunctio
1017 2479 1099 2563 ignis
1129 2495 1161 2544 et

151 2597 300 2665 humoris
324 2617 425 2680 quam
448 2593 548 2658 habet
572 2593 652 2668 sim,
671 2591 856 2677 significant
879 2613 943 2656 esse
964 2593 1111 2659 Veneris.
1132 2599 1162 2659 A

152 2739 219 2802 qua
243 2715 275 2780 vi
299 2715 400 2778 nateis
433 2711 626 2786 dietario,
657 2721 689 2772 et
711 2695 826 2772 iliada
850 2709 994 2773 Lucilio:
1020 2710 1058 2776 V
1057 2715 1090 2775 is
1108 2725 1159 2775 est

153 2839 252 2910 vita,
277 2831 385 2906 vides,
409 2833 465 2894 oie
492 2853 554 2893 nos
569 2827 692 2916 facere
711 2829 828 2890 omnio
847 2825 1002 2913 sagitt.»
1037 2827 1161 2912 Reser-¹

152 2954 319 3017 rieodem
351 2949 450 3012 etiam
475 2947 556 3010 illud
580 2967 670 3028 posse
701 2943 866 3011 Aetheris
896 2945 928 3009 ei
960 2955 1075 3010 terrae
1098 2968 1157 3037 ge·

154 3068 306 3140 uitabile
328 3087 490 3152 qasuerere
512 3076 663 3148 tempus,
688 3063 885 3146 quibusdam
909 3064 1013 3127 visum
1032 3077 1097 3139 est,
1122 3067 1159 3127 li-

156 3201 204 3251 cet
229 3185 374 3250 Lucretii
399 3203 521 3246 nomen
544 3183 631 3264 apud
653 3181 837 3246 Varronem
862 3181 1024 3266 legatur5.

195 3304 324 3369 Verum
336 3302 607 3383 sophistarum
620 3321 720 3384 genus
732 3299 929 3362 hauddubie
943 3320 1018 3362 eum
1033 3302 1158 3383 potissi·

157 3439 248 3484 mum
261 3418 367 3484 tenuit
381 3463 389 3493 ‚
408 3435 552 3502 quorum
566 3415 660 3479 tricas
673 3428 706 3478 et
719 3415 854 3495 ineptias
866 3415 1159 3501 definitionumque

162 3627 434 3647 w

192 3753 202 3787 ι
240 3737 355 3803 Fragm.
378 3729 514 3793 XXVII,
534 3729 578 3782 aa
611 3724 755 3790 xxvtlt,
775 3727 802 3786 3.
822 3727 846 3792 l,
867 3731 893 3781 8.

191 3847 206 3880 a
241 3827 418 3895 supano.

192 3927 207 3978 3
241 3928 354 3993 Fragm.
377 3921 496 3982 xxvi,
518 3938 559 3986 17.
832 3991 836 3998 ¹

191 4021 220 4074 i'
241 4025 289 4073 Fr.
310 4023 364 4070 inc.
383 4019 426 4069 32.
451 4020 578 4070 Varro
601 4016 633 4064 de
652 4017 685 4062 L.
707 4015 739 4065 13.
758 4010 796 4070 V,
817 4013 859 4066 03.
968 4077 970 4082 ι

193 4124 206 4165 ³
241 4113 423 4174 Dela.la.V‚
439 4111 536 4180 17.ct.
556 4111 638 4160 Ans.
658 4111 792 4177 Popma
809 4110 847 4158 ad
861 4107 984 4160 Vannii
1004 4109 1139 4178 p.9.Bip.

676 4239 738 4296 13*
