2888 4972
618 408 678 502 aui

143 621 343 688 stituendum
371 631 522 700 tenipus,
547 637 614 699 quo
637 614 720 678 liber
744 614 919 676 satiranun
942 613 1066 696 primus
1080 631 1156 675 con-

145 740 230 804 ditus
265 739 317 802 sit.
350 734 413 801 Sed
447 735 570 818 aliquid
605 733 683 798 lucis
717 732 783 814 peti
820 731 915 814 piossit
944 753 961 794 e
986 731 1158 796 Lactantio

144 857 323 922 scribente:
350 881 367 920 u
381 851 578 926 Carneades,
592 850 804 916 Academicus
814 863 919 914 sectae
931 851 1157 932 philosophus,

145 977 237 1058 cujus
263 975 296 1038 in
320 973 503 1038 disserendo
526 991 609 1054 quae
635 969 681 1034 vis
702 968 824 1044 luerit,
849 989 932 1051 quae
956 968 1158 1051 eloquentia,

145 1091 234 1177 quod
270 1111 432 1163 acumen,
468 1089 524 1172 qui
555 1087 673 1160 nescit,
710 1087 817 1169 ipsum
853 1109 891 1150 cx
920 1083 1158 1168 praedicatione

147 1208 311 1274 Ciceronis
335 1208 512 1292 intelliget,
537 1221 594 1270 aut
619 1205 756 1276 Lucilii,
779 1207 866 1287 apud
890 1225 990 1288 quem
1003 1205 1157 1270 disserena

147 1327 317 1411 Neptunus
346 1330 386 1392 de
413 1349 448 1392 re
475 1325 663 1392 difficillima
680 1323 824 1390 ostendit
839 1343 917 1388 non
936 1345 1026 1407 posse
1049 1323 1082 1387 id
1104 1345 1158 1386 ex-

32 1465 37 1486 ·
148 1447 286 1530 plicari,
308 1468 368 1509 nse
387 1448 422 1508 ei
445 1443 656 1510 Carneadem
681 1447 799 1530 ipsum
812 1441 914 1508 Orcu’
928 1445 1127 1511 restittat.»
1145 1443 1158 1494 2

152 1563 320 1630 Manifeste
357 1567 437 1630 haec
471 1563 636 1647 pertinent
665 1566 707 1628 ed
726 1563 874 1646 primum
898 1561 1040 1628 librum:
1078 1559 1160 1626 Car·

148 1687 262 1750 needes
298 1697 409 1748 autern
439 1686 577 1758 eodem,
610 1703 678 1767 quo
705 1680 838 1764 Scipio,
863 1703 950 1747 anno
973 1683 1037 1746 625
1064 1679 1157 1768 (tto)

148 1803 239 1866 obiit.
286 1800 396 1885 Quare
429 1815 499 1883 post
529 1823 604 1865 eutn
629 1823 752 1864 annum
782 1801 968 1866 absolutum
989 1800 1082 1864 fuisse
1100 1800 1162 1864 in·

150 1921 329 2006 telligitur‚
353 1919 483 1984 etiamsi·
501 1920 574 1983 vivo
590 1917 741 2001 Scipione
762 1919 929 1984 inchoatus
952 1918 1024 1982 snit.

193 2037 313 2104 Plinius
337 2039 371 2100 in
398 2037 529 2101 ltisloria
552 2038 692 2102 naturali
715 2023 831 2100 refert.-
857 2063 873 2102 u
890 2036 1160 2102 Pavimentacre-

149 2161 192 2222 do
225 2158 374 2240 priunum
395 2159 500 2231 sacta,
519 2177 602 2240 quae
623 2177 712 2220 nunc
734 2175 887 2220 vocamus
914 2155 1085 2222 burberica
1109 2170 1162 2220 at-

148 2297 213 2360 que
231 2275 482 2360 subtegnlenea‚
503 2275 536 2338 in
569 2275 662 2340 Italia
691 2273 814 2338 fistucis
835 2275 963 2356 pavita:
993 2277 1055 2340 hoc
1075 2290 1161 2340 certe

146 2416 186 2458 ex
217 2393 351 2458 nomine
372 2393 440 2476 ipso
460 2393 595 2479 intelligi
615 2406 730 2476 potest.
777 2393 901 2458 Romae
924 2397 1162 2476 scalpturetum

149 2513 181 2575 in
207 2511 296 2576 Joris
321 2509 495 2595 Capitolini
518 2515 595 2576 aede
618 2513 767 2595 primum
790 2516 916 2576 sactum
940 2527 987 2578 est
1013 2528 1160 2598 postter-

149 2633 233 2696 tintn
255 2631 415 2696 Punicum
441 2632 567 2696 bellum
590 2632 724 2697 initum.
771 2632 992 2716 Frequentata
1013 2656 1163 2719 verapa-

150 2752 295 2814 timente
322 2763 397 2814 ante
428 2746 637 2816 Cimbricum
671 2749 791 2836 magni
812 2750 918 2836 gnatia
944 2751 1158 2826 animorum,

149 2868 269 2934 indicio
289 2881 336 2932 est
362 2869 551 2933 Lucilianus
569 2869 622 2932 ille
642 2891 767 2933 versus:
792 2881 870 2931 arte
888 2872 1087 2955 pavimenti
1104 2885 1164 2965 at·

151 3011 216 3072 qus
249 2985 449 3052 emblemate
472 2988 712 3051 vermiculato.
728 2987 777 3047 »²
822 2986 962 3052 Versum
983 2993 1070 3054 hunc
1091 2991 1162 3067 alii,

149 3105 206 3188 qui
233 3120 471 3187 praecesserat,
496 3108 711 3189 conjunctum
737 3106 898 3170 edidimus
918 3130 1037 3190 supra,
1061 3132 1162 3175 acro-

148 3223 284 3287 tulinius
316 3227 357 3288 ad
392 3223 578 3290 inimicitias
611 3247 695 3310 quae
721 3223 892 3290 Scaevolae
923 3249 998 3291 cum
1025 3227 1162 3296 Albucio

148 3343 436 3406 intercesserunt&
486 3341 614 3428 Scripta
634 3344 735 3429 igitur
758 3344 813 3408 ille
837 3348 971 3411 fuerunt
995 3369 1014 3409 a
1039 3347 1166 3415 Luciliu

150 3471 223 3541 post
252 3480 281 3523 u.
314 3461 379 3524 633
406 3457 519 3546 (121),
553 3482 619 3545 quo
643 3459 794 3526 Scaevola
820 3462 911 3526 Asiae
936 3479 1066 3546 praetor
1088 3467 1160 3530 suit.

152 3575 344 3642 Accusatius
370 3599 446 3642 vero
469 3579 584 3663 aliquis
607 3595 700 3664 putet
723 3594 851 3665 tempus
873 3584 977 3647 notati
1001 3607 1017 3648 a
1040 3583 1164 3659 Plinio,

150 3695 230 3779 qui,
252 3696 440 3777 pavimenta
468 3708 548 3760 unte
579 3697 792 3764 Cimbricum
818 3699 1163 3786 bellurnsrequentate

153 3874 204 3883 ι..
231 3873 313 3884 00—-

190 3995 197 4027 t
240 3981 314 4029 last.
337 3983 403 4032 Dio.
425 3979 462 4042 V,
484 3983 528 4043 ti,
549 3983 572 4033 ὅ.
595 3982 671 4033 Vidit
690 3989 742 4052 jam
764 3987 886 4043 cline.
907 3987 942 4046 F,
961 3995 994 4044 H.
1016 3989 1040 4048 i,
1064 3992 1125 4059 6η.

182 4093 198 4126 2
236 4073 382 4137 xxxvl,
403 4079 448 4138 61,
473 4080 544 4148 (al).

186 4173 202 4222 5
240 4191 265 4238 p.
288 4175 345 4225 ast.
