2860 4974
735 283 795 347 152

256 455 331 519 dem
366 479 443 523 vero
473 475 618 524 mentem
637 475 782 525 nostram
800 462 939 525 advertit
964 459 1277 527 Commentator

257 571 521 660 Cruquionus.
569 577 619 641 Ibi
638 581 679 642 ad
703 579 783 644 illud
805 577 948 643 Horatii:
973 581 1024 645 Ar
1042 583 1077 644 ei
1101 582 1182 666 quie
1201 601 1275 666 pe-

253 693 356 758 dihus
372 733 417 745 —
439 695 587 764 «Sensus
607 713 673 763 est:
698 700 722 763 si
742 700 815 783 quis
837 699 1037 775 inveniatur,
1061 704 1272 765 hoctsntnm

254 825 423 878 contentus
455 817 627 892 claudere,
656 817 677 880 i.
701 837 729 880 e.
753 829 791 880 ut
814 818 944 881 claudat
968 817 1110 901 aliquid,
1135 820 1273 882 conciu-

254 932 365 995 dotet
387 933 499 1010 finiat,
521 934 603 998 senis
625 934 782 1017 pedibus,
806 935 865 998 i.e.
891 937 1086 999 hexametris
1110 935 1267 1010 versibus,

253 1051 342 1132 quod
361 1050 467 1115 iecisse
485 1051 817 1127 vidcccchucilius,
841 1073 1020 1117 numerum
1033 1075 1185 1118 versuum
1204 1075 1265 1136 po-

251 1166 313 1230 tios
333 1187 447 1232 smmis
467 1189 568 1253 quain
586 1183 739 1234 ornatum
755 1185 788 1234 et
806 1172 978 1235 mollitiem
991 1173 1017 1234 ¹.
1033 1191 1050 1232 u
1084 1171 1171 1236 Haec
1190 1193 1266 1236 ser-

251 1285 292 1348 bo
326 1286 352 1349 si
385 1287 456 1371 quis
491 1301 640 1351 accurate
675 1291 846 1371 explorat,
870 1305 1042 1372 promtum
1063 1303 1110 1354 est
1134 1290 1264 1367 videre,

251 1404 356 1468 alieni
380 1407 541 1470 confisum
566 1407 780 1482 auctoritate,
804 1429 871 1471 non
893 1429 952 1472 suo
976 1429 1035 1472 usu
1061 1408 1264 1474 nisumhaec

250 1522 417 1604 scripsisse.
442 1521 576 1586 Horatio
599 1524 699 1600 enim,
723 1547 822 1608 quem
846 1525 1013 1609 sequitur,
1032 1527 1132 1590 fidem
1151 1527 1261 1591 habet.

251 1641 478 1706 Veruntamen
507 1643 569 1706 alia
598 1657 674 1706 sunt
708 1646 795 1708 haud
819 1666 923 1727 pnucn
944 1645 1085 1722 indicis,
1108 1645 1262 1729 equibus

250 1761 386 1835 efficias,
410 1762 548 1844 petuisse
560 1761 723 1844 scriptori,
747 1762 771 1826 si
791 1784 874 1826 unus
892 1779 1009 1827 cuncta
1021 1763 1261 1846 composuisset,

250 1881 376 1944 aditum
401 1881 443 1943 ed
460 1877 666 1945 Lucilianae
700 1881 763 1944 Res
792 1894 902 1945 autem
923 1881 1112 1963 explicanda
1132 1881 1261 1945 videtur

248 2021 287 2062 cx
307 1997 451 2072 ratione,
482 2018 584 2081 quam
608 1999 641 2060 in
665 2000 789 2062 edendo
812 2011 1070 2063 commentatore
1094 1996 1260 2082 Cruquius

248 2129 375 2180 secutus
403 2128 460 2179 est.
506 2111 611 2178 Mults
639 2113 729 2177 enim
760 2137 798 2177 ex
834 2115 963 2178 Acrone
986 2127 1019 2177 et
1036 2115 1259 2202 Porphyrione

249 2235 404 2311 adscirit3
437 2237 516 2297 haec
554 2253 631 2296 vero
665 2246 817 2315 excerpts
850 2234 1058 2316 locupletarit
1091 2233 1258 2299 variorum

249 2354 398 2417 codicum
430 2350 596 2424 subsidiis,
637 2350 681 2412 its
718 2363 774 2426 ut,
807 2351 864 2433 qui
896 2351 1066 2436 singularis
1097 2349 1258 2434 interpres

248 2470 349 2534 videri
369 2469 484 2552 possit,
520 2467 679 2550 permulti
704 2468 784 2544 sint,
809 2489 952 2551 quorum
975 2469 1095 2533 scholis
1115 2467 1258 2553 Cruqui·

248 2653 528 2664 -m-——n—

248 2757 388 2810 morculu'
397 2759 511 2830 sermm
528 2785 562 2799 ·-
581 2758 630 2828 (ir.
647 2762 702 2814 inc.
722 2762 777 2829 14).
792 2789 827 2802 «-
846 2759 930 2822 xlx,
951 2733 994 2816 26i
1013 2761 1104 2827 Sipia,
1124 2767 1213 2827 tepet·
1225 2775 1256 2810 ex

248 2875 298 2908 uus
319 2863 395 2924 perte
413 2856 522 2919 silices,
541 2857 618 2924 qussi
635 2859 746 2926 simple:
767 2856 921 2924 emphitsps
941 2875 973 2909 ex
986 2865 1101 2926 utreque
1115 2865 1192 2922 perte
1203 2855 1257 2908 sii-

245 2957 303 3009 ioss
333 2960 433 3022 inpete.
468 2952 624 3006 Lucittim:
658 2956 740 3026 Sipta
756 2965 841 3026 atque
859 2956 1042 3024 amphitapae
1059 2955 1139 3005 vittis
1157 2957 1257 3025 ingen·

247 3052 320 3103 tttn'
353 3051 451 3105 molles
470 3053 579 3120 (fragm.
598 3051 624 3114 1.
643 3053 700 3120 αἱ).
718 3081 753 3094 -·
770 3050 857 3113 xlx,
877 3051 921 3112 50,
941 3067 966 3102 r.
993 3049 1082 3102 Primo
1100 3057 1257 3103 ornaments

245 3165 346 3199 corcus
373 3149 477 3216 insigne
495 3148 629 3200 victoriae
645 3175 679 3188 -
696 3146 770 3199 Heec
787 3165 801 3197 s
821 3145 930 3199 Lucilio
949 3147 1080 3208 corolla,
1100 3148 1135 3198 sb
1154 3145 1257 3199 Home-

246 3261 280 3298 ro
307 3252 409 3301 στεφάνη
437 3242 510 3297 dict·
534 3251 575 3297 est
594 3245 642 3315 (ir.
662 3246 716 3298 inc.
738 3244 813 3314 160).
831 3245 889 3296 -?
925 3241 1176 3310 Orthogrephissn,
1195 3246 1215 3296 i.
1234 3261 1258 3296 e.

245 3343 412 3408 scriptorem
429 3349 531 3394 rectem
549 3351 642 3396 contre
661 3341 826 3408 imperitiam
845 3340 1020 3394 librariorum
1040 3339 1254 3406 Luciiinsroite

247 3440 363 3507 primum
384 3441 494 3505 scripsit
515 3439 619 3509 (Densa
641 3459 668 3505 p.
687 3441 746 3508 43).
764 3467 799 3480 -
817 3439 859 3489 Ex
877 3437 927 3490 hec
950 3439 1166 3490 testimoniorum
1188 3455 1255 3504 psu-

245 3540 329 3591 citste
357 3536 479 3605 quumvis
507 3536 552 3586 vis
581 3535 728 3604 quidquem
757 3535 891 3602 suspicari
909 3535 994 3597 iicet,
1025 3543 1112 3588 temen
1134 3533 1254 3586 enimd-

245 3635 428 3696 vertendum,
455 3633 586 3687 nonnulis
605 3633 714 3684 aliunde
731 3635 855 3686 sumsisse
876 3631 1028 3686 isidorum:
1049 3649 1081 3682 ex
1108 3631 1206 3685 Servio
1222 3630 1254 3682 sd

245 3732 325 3802 Virg.
346 3739 415 3786 Aen.
436 3734 445 3784 Ι
463 3767 470 3795 ,
491 3729 542 3794 750
559 3729 593 3779 sd
611 3732 725 3782 verbum
746 3747 775 3780 ee
795 3748 864 3798 quoe
883 3729 916 3780 de
934 3729 1054 3782 lacubus
1070 3731 1195 3784 monuit:
1221 3743 1252 3778 ex

248 3831 334 3884 Persii
353 3832 500 3898 glossatore
519 3828 553 3878 ed
573 3829 704 3890 verbum,
723 3845 792 3896 quse
813 3827 881 3888 XX,
895 3826 921 3888 fi,
940 3845 948 3879 ι
971 3827 1108 3897 leguntur.

282 3949 293 3982 ι
334 3929 380 3981 Ad
396 3932 465 3980 Hor.
488 3931 550 3978 Sat.
568 3927 604 3990 Ι,
626 3940 677 3988 ιο,
696 3925 730 3995 59
750 3945 776 3992 p.
796 3925 856 3996 399.

280 4049 295 4082 ῃ
331 4045 356 4082 v.
376 4045 399 4076 c.
419 4041 446 4092 p.
465 4024 548 4086 Mb.
570 4025 656 4086 510¹,
679 4023 761 4088 335¹,
782 4025 854 4074 334¹.
