2894 4986
767 403 807 474 40

286 567 339 656 ris
373 607 485 675 piarent
508 611 565 656 sua
600 603 684 654 aetas
718 591 845 666 tulitl,
873 589 917 653 ita
948 590 1137 654 adolescenti
1158 591 1229 673 jans
1253 589 1288 651 in

283 709 440 793 scipionis
469 689 578 774 cestris
612 709 707 792 hujus
735 705 851 790 optimi
871 706 1074 790 imperatoris
1096 708 1286 790 exemplum

285 808 532 894 admirationem
555 839 588 890 et
604 825 853 890 aemulationem
872 823 1006 889 movisse
1025 824 1180 908 suspicor.
1203 822 1288 890 Gra·

286 961 338 1012 tus
366 947 454 1011 enim
474 946 519 1009 illi
549 945 631 1020 suit,
657 943 778 1029 quippe
798 957 831 1008 et
847 943 990 1028 quadam
1014 957 1148 1008 naturae
1170 943 1289 1007 simili·

286 1064 399 1131 tudine
432 1047 624 1147 conjunctus
662 1075 696 1126 et
721 1061 904 1126 studiorum
939 1062 1054 1126 ardore
1087 1080 1289 1145 magnopere

282 1184 540 1248 commendatus.
585 1179 855 1263 Aphilosophiee
875 1179 982 1245 sardio
1004 1199 1070 1244 non
1081 1178 1289 1256 abhorrebat,

285 1301 343 1384 qui
364 1298 505 1364 Panaetii
523 1297 638 1362 deinde
656 1297 880 1372 indisertus,
904 1307 936 1362 et
957 1299 1117 1381 perlectus
1139 1295 1174 1360 in
1195 1294 1287 1362 Stoi-

278 1419 336 1482 uis
362 1415 543 1482 celebratur
565 1437 584 1480 a
606 1413 772 1481 Cicerone.
817 1401 926 1499 Quin,
959 1405 996 1481 ut
1018 1415 1060 1480 ab
1082 1417 1197 1480 eodem
1207 1435 1290 1480 nar-

287 1547 397 1599 ratum
431 1533 587 1620 legimus,
623 1531 675 1598 cui
698 1533 764 1616 ipse
787 1531 927 1597 Rutilius
950 1546 1288 1611 commemoraverat,

287 1652 387 1716 etiam
416 1650 478 1716 suls
514 1651 586 1734 ipsis
613 1649 807 1716 Numantiae
838 1639 1009 1716 moenibus
1037 1671 1114 1716 cum
1137 1648 1289 1735 Scipione

284 1770 408 1837 solebat
432 1771 599 1834 interdum
626 1768 771 1836 eoelestia
798 1767 1027 1854 coitquireref‘.
1063 1767 1212 1854 Quarum
1233 1791 1291 1835 re-

285 1911 362 1954 rum
394 1889 582 1973 disciplina,
614 1909 715 1974 quam
745 1886 811 1972 ipse
835 1886 1006 1953 Africanus
1028 1909 1048 1953 a
1069 1887 1219 1953 Panaetio
1241 1903 1290 1954 te·

286 2008 385 2074 nebat
406 2021 637 2095 acceptamque
655 2006 883 2082 circuiebat,
906 2005 960 2073 eit
972 2005 1034 2071 dici
1046 2019 1171 2090 potest,
1185 2027 1290 2092 quan-

286 2137 359 2192 tum
386 2127 417 2192 el
435 2125 646 2214 copisosoendi
677 2127 771 2210 hujus
796 2123 948 2208 principis
981 2121 1166 2190 Stoicorum
1190 2128 1291 2190 urdo·

151 2249 155 2260 '
285 2267 370 2312 sam·
390 2246 530 2310 excitare
564 2244 723 2310 debuerit.
768 2243 923 2307 Attamen
945 2241 1022 2308 huic
1044 2263 1157 2308 rerum
1180 2247 1290 2312 excel·

277 2383 397 2430 aarum
419 2359 623 2428 meditationi
644 2382 682 2426 ac
704 2359 949 2444 perscrutationi
972 2365 1123 2447 trequens
1134 2364 1291 2448 conjunc·

288 2493 322 2546 us
343 2479 442 2546 luerit
460 2481 503 2546 de
521 2477 611 2544 omni
630 2478 758 2544 virtutis
779 2478 1015 2565 honestatisque
1029 2500 1147 2568 genere
1169 2501 1289 2559 sermo,

286 2619 356 2686 quo
375 2601 500 2665 factum
531 2598 573 2664 sit
595 2587 643 2676 ut,
665 2587 915 2682 prudentissimo
933 2599 1089 2686 magistro
1110 2601 1293 2687 eodemque

284 2717 514 2784 candidissimo
535 2717 640 2782 amico
659 2737 745 2793 usus,
764 2719 835 2801 jam
857 2730 930 2782 tum
943 2718 1073 2782 futurae
1087 2717 1293 2805 magnitudi-

289 2837 339 2903 nis
360 2835 528 2921 mumma
543 2835 739 2902 constantiae
759 2849 793 2901 et
813 2835 1015 2902 innocentiae
1037 2836 1201 2921 principiis
1221 2837 1293 2902 im-

287 2957 443 3022 bueretur
470 2977 510 3021 ac
539 2955 662 3020 semma
687 2954 871 3038 moperes.
923 2953 1045 3040 Quodsi
1077 2969 1146 3022 tum
1179 2957 1291 3024 efficax

286 3078 356 3161 ejus
374 3073 541 3141 clarissimi
559 3072 665 3139 viriet
684 3075 873 3155 exemplum
894 3085 927 3138 et
945 3074 1088 3142 amicitia
1111 3076 1205 3142 luisse
1223 3097 1293 3162 pu-

286 3195 386 3259 tanda
404 3205 470 3271 est,
492 3193 580 3259 haud
597 3191 703 3257 minua
719 3191 880 3256 momenti
897 3192 1048 3260 habuerit
1063 3195 1208 3280 ejsudem
1223 3196 1293 3261 sin·

287 3311 408 3399 palaris
445 3315 596 3378 fortunae
626 3309 758 3376 societas
778 3311 820 3376 ad
839 3309 957 3376 Lucilii
979 3311 1148 3399 ingenium
1170 3326 1204 3379 et
1225 3315 1292 3380 eri·

284 3431 431 3517 gendum
460 3443 495 3494 et
527 3430 759 3496 excolendum.
803 3425 917 3515 unque
950 3429 1057 3508 enim,
1087 3430 1113 3496 si
1144 3433 1291 3500 densent

284 3775 318 3828 ds
339 3777 376 3829 P.
390 3773 522 3826 Rutilius
540 3773 656 3846 Rufus,
674 3773 746 3828 1012
768 3773 893 3827 Stoieiers
903 3808 914 3840 ,
932 3783 961 3827 et
982 3773 1009 3829 le
1029 3775 1290 3834 maneamus.

288 3870 554 3941 (meermanni
571 3887 633 3923 nov.
655 3869 738 3924 Thes.
754 3871 817 3928 Jur.
836 3869 863 3937 1,
883 3869 1044 3942 etp-tot).

321 3983 333 4021 t
376 3965 479 4021 rell.
495 3967 581 4020 Pae.
600 3963 644 4032 11,
665 3965 708 4031 ιδ,
727 3983 752 4020 2·
786 3968 839 4021 Vir
862 3985 918 4021 nors
934 3967 1024 4021 seculi
1045 3969 1113 4034 tui,
1132 3969 1290 4022 sedomnis

287 4066 348 4118 sesi
364 4065 495 4138 optimus.
528 4059 690 4133 Magnificus
708 4063 856 4118 laudationi
876 4065 1012 4122 consentit
1023 4065 1179 4136 antiquitas·

322 4179 339 4219 ι
376 4163 451 4216 cte
468 4165 587 4234 orep.
608 4161 633 4230 1,
654 4163 683 4229 a,
705 4179 746 4218 ιι.
