2888 4972
631 419 695 482 305

155 599 209 662 ele
232 619 311 662 eum
332 597 426 662 fuisse
457 611 490 660 et
516 596 716 684 singularem
739 594 976 680 antiquioribus
1000 593 1101 678 potitis
1122 592 1169 656 di-

156 717 326 804 ligentiam
355 716 536 784 adhibuisse
549 715 576 780 ¹.
621 714 840 794 Nihilominus
867 735 939 778 eam
961 711 1065 778 critici
1090 733 1175 794 per·

155 855 271 914 sonam
308 835 410 900 festivi
431 834 572 899 hominis
598 856 691 898 more
712 833 856 920 gessisse,
879 855 939 899 nec
962 830 1170 919 grammatici

153 955 327 1038 jejunitate
364 955 579 1040 inquinavisse
610 957 786 1022 censendus
807 967 864 1018 est.
909 952 1025 1037 Itaque
1046 954 1173 1016 risisse

155 1093 236 1136 eum
267 1072 365 1137 Ennii
397 1074 507 1139 versds
535 1095 574 1138 ex
599 1071 803 1148 Annalibus,
827 1070 886 1156 qui
905 1072 1062 1158 grauitate
1087 1071 1171 1154 epici

156 1191 310 1256 carminis
346 1192 489 1257 minores
511 1191 803 1270 essent,‘Horatius
820 1193 938 1266 refert3
965 1191 1021 1276 qui
1042 1189 1171 1254 ridendi

156 1312 277 1374 modus
297 1311 400 1395 qualis
419 1311 539 1388 suerit,
563 1333 582 1376 c
602 1308 714 1375 Servio
735 1310 932 1387 didicimus,
956 1310 1013 1395 qui
1026 1313 1170 1374 irrisio-

156 1452 200 1494 sse
230 1451 307 1493 eum
329 1449 426 1494 usum
449 1451 514 1494 esse
535 1429 652 1495 diserte
670 1429 813 1494 tradidit.
859 1428 961 1492 Porro
984 1432 1072 1512 quod
1095 1453 1170 1493 mst-

158 1548 345 1612 eavctein
374 1548 474 1613 Accio
497 1549 584 1614 idem
613 1549 828 1634 perhibetur,
852 1569 962 1612 nonne
985 1549 1109 1632 pariter
1134 1571 1172 1613 eo

157 1669 266 1744 valet,
292 1681 329 1731 ut
347 1667 548 1733 arbitremur
572 1669 663 1734 Accii
687 1683 720 1733 et
733 1666 863 1734 Pacuvii
876 1671 1036 1751 ampullas
1060 1684 1092 1732 et
1105 1691 1173 1734 ses-

158 1787 345 1873 quipedalia
364 1787 465 1852 verba
486 1791 528 1862 sle
551 1791 587 1853 τὸ
610 1787 733 1868 γελοῖον
755 1791 1022 1872 hereditoriam,
1042 1789 1171 1853 utillud

102 1943 103 1948 1
157 1905 498 1994 repondit-ostrum?
533 1905 597 1970 Nos
625 1907 749 1971 etiamsi
772 1910 867 1990 plura
884 1908 1036 1990 parodiac
1057 1930 1174 1972 exem·

158 2031 214 2110 pla
238 2027 271 2090 in
294 2027 439 2110 reliquiis
458 2047 525 2090 noo
546 2025 808 2102 invenerimusl,
833 2041 944 2090 tamen
966 2031 1058 2092 nulla
1079 2049 1173 2093 causa

158 2160 207 2210 est
231 2165 291 2211 cur
316 2160 490 2230 propterea
511 2167 684 2232 negemus,
708 2145 934 2210 abundasseiis
947 2144 1065 2210 Lucilii
1080 2167 1171 2230 opus.

158 2262 273 2348 Quin,
305 2279 464 2349 quautam
484 2286 619 2348 operam
645 2265 678 2327 in
697 2285 735 2328 eo
758 2264 866 2328 studio
879 2264 1050 2348 posuerit,
1077 2265 1173 2332 Gellii

113 2405 118 2414 ·
158 2387 249 2448 locus
272 2385 384 2460 docet3
409 2384 486 2468 qui,
500 2383 690 2448 memoratis
716 2383 850 2447 comicis
861 2397 895 2447 et
907 2383 1034 2468 tragicis
1048 2384 1175 2449 Roma·

160 2523 283 2567 norunt
306 2503 451 2566 maxime
475 2501 658 2578 nobilibus,
680 2503 728 2566 his
754 2502 829 2587 ipsis
853 2504 1041 2568 clariorem
1054 2505 1174 2570 Lucili-

160 2643 220 2685 um
246 2621 341 2687 suisse
365 2620 489 2696 tradit,
512 2622 570 2707 qui
595 2643 710 2685 eorum
734 2627 888 2704 polimata
904 2623 1173 2691 obtrecteoisset.

160 2738 277 2805 Critici
299 2739 400 2827 igitur
421 2761 542 2805 munus
563 2740 663 2803 tuitus
685 2754 732 2803 est
754 2761 792 2803 ea
809 2740 982 2826 dignitate.
999 2763 1082 2826 quae
1108 2765 1174 2808 non

159 2858 271 2924 minus
305 2862 449 2923 facetum
486 2879 587 2943 quam
615 2873 788 2922 emunctae
810 2859 897 2923 naris
922 2868 1056 2942 po'e‘torn
1080 2863 1171 2928 doce-

156 2978 226 3043 bat.
260 2975 407 3062 Quodsi,
424 2997 508 3062 quse
529 2978 590 3040 bae
607 2977 732 3041 ratione
752 2977 940 3061 scripserat,
965 2979 1099 3066 indigna
1117 2983 1172 3064 ju·

160 3097 283 3163 dicavit
311 3117 394 3182 quae
429 3094 587 3180 Scipionis
609 3096 733 3180 iudicio
765 3096 1027 3182 subjicerentur,
1060 3114 1174 3164 contra

195 3401 206 3438 ι
247 3403 277 3452 p.
296 3379 356 3439 tbi.

166 3505 170 3515 ·
194 3503 210 3539 2
248 3481 293 3534 1³·
305 3501 320 3535 c
332 3503 349 3535 u
360 3501 377 3535 v
389 3481 399 3532 i
411 3499 426 3534 tt
437 3501 465 3535 m
476 3483 565 3550 attigit
577 3481 612 3535 fr.
628 3481 713 3546 xlx,
724 3484 750 3536 8:
762 3487 1037 3556 Rausurotrcgieus
1048 3491 1097 3559 qui
1108 3505 1174 3540 cor-

159 3583 238 3634 minu
252 3581 349 3652 perdit
368 3583 477 3642 Oreste,
496 3580 570 3650 quod
581 3582 676 3634 docuit
686 3600 729 3634 me
742 3585 772 3634 N
775 3583 860 3635 ael-e
879 3587 942 3638 Ind.
956 3587 1065 3637 Prcsll.
1079 3589 1171 3639 Bono.

158 3679 229 3734 1823
248 3679 308 3746 Μ
332 3677 512 3732 «Pacuvium
530 3679 621 3730 sabulo
642 3680 858 3733 Dulorcslcs
876 3701 958 3754 quum
978 3691 1102 3751 ageretur
1119 3683 1175 3732 sli-

159 3776 289 3848 quando,
309 3775 409 3830 eccidit
425 3774 570 3830 lustrioois
588 3777 688 3846 culpi,
708 3777 756 3849 qui
774 3779 901 3835 Orestem
912 3783 1028 3848 agebat,
1059 3789 1087 3832 st
1108 3799 1175 3833 rau.

158 3893 210 3932 cus
227 3883 298 3928 esset
317 3875 417 3938 octus,
439 3882 469 3926 ut
485 3875 648 3942 displiceret
663 3876 756 3930 tabule
773 3877 817 3931 vel
835 3877 892 3928 risu
910 3878 1094 3943 exciperetur.
1111 3877 1175 3932 Lu·-

158 3972 241 4026 cilius
268 3973 384 4028 tortasse
406 3990 438 4026 eo
461 3971 524 4024 loco
545 3974 671 4026 miset-sm
689 3992 745 4026 esse
764 3975 927 4042 tragicorum
945 3977 1090 4042 peltarum
1112 3995 1175 4030 sor-

158 4079 215 4122 tem
242 4070 467 4133 demonstrabat,
487 4088 603 4140 quorum
616 4071 687 4122 selus
704 4074 733 4122 lu
752 4070 915 4124 histrionum
935 4072 1100 4127 dexteritate
1118 4094 1173 4142 po-

152 4173 207 4223 sits
225 4175 332 4222 esset.»

648 4299 691 4360 20
