2894 4986
757 373 797 436 to

271 553 335 639 pio
355 557 433 617 erro
455 562 488 615 et
509 545 673 616 Rutilina
698 549 812 616 multo
839 553 947 616 etium
970 553 1109 642 megia.-
1127 573 1276 641 quornm

273 671 340 736 tlte
358 669 542 758 judicium
573 667 832 757 reformidem,
865 669 1068 736 Tarentinis
1085 673 1151 738 -oit
1182 694 1218 736 ee
1243 681 1278 736 et

275 789 494 856 Consentinis
515 798 548 852 et
568 783 703 853 Siculis
719 786 868 853 scribere
881 788 918 854 ¹.-
930 788 965 854 P.
988 787 1174 874 Scipionem
1187 789 1277 856 ttri-

275 925 394 972 canum
417 904 581 970 minorem
604 916 637 969 et
662 902 709 971 tt
722 903 884 970 Rutilium
901 903 1029 972 Rufum
1052 905 1108 971 hic
1129 907 1278 975 videmur

274 1024 474 1108 conjunctim
497 1036 715 1100 memorator,
745 1043 890 1109 qnorum
908 1024 1052 1091 amicitia
1075 1025 1109 1090 in
1122 1024 1278 1111 Hispani-

273 1141 340 1207 ensi
373 1139 575 1225 expeditione
602 1142 643 1207 ad
672 1140 886 1208 Numantiam
917 1143 1097 1210 fruebatur
1120 1143 1277 1212 Lucilitn.

273 1258 380 1346 Scipio
400 1270 513 1326 autem
535 1259 673 1325 triermic
689 1273 864 1346 postquem
889 1261 1149 1346 triumphaverat
1164 1283 1276 1328 excea-

272 1379 433 1445 aitevita.
456 1378 570 1464 ltaque
581 1391 655 1444 ante
666 1381 734 1465 ejua
745 1393 889 1446 mortem
905 1379 947 1448 eb
958 1382 1097 1448 durante
1108 1379 1195 1446 bello
1204 1381 1276 1466 jam

274 1495 495 1584 periclitatum
515 1496 684 1586 ingenium
706 1497 803 1564 llriaae
823 1503 957 1584 poetam
979 1499 1192 1565 manifestum
1216 1513 1274 1565 eet.

317 1614 463 1681 Tertiam
473 1613 695 1682 difficultatem
706 1615 833 1702 primur
845 1618 950 1684 movit
964 1617 1121 1706 Vargea.
1145 1616 1278 1684 Memo-

274 1746 329 1799 rat
358 1732 465 1810 enim,
494 1731 749 1801 aMacrobio2
791 1733 831 1802 C.
855 1735 1000 1813 Titium,
1029 1736 1108 1824 leg'n
1132 1735 1277 1802 Fanniae

273 1871 458 1929 auctorem,
488 1854 607 1919 cirum
630 1856 761 1919 aetatis
779 1853 987 1922 Ltwilt'unoe
1009 1855 1175 1940 appellari.
1216 1854 1278 1921 Le·

275 1991 352 2058 gem
373 1979 487 2038 autem
508 1970 668 2038 Fanniam
683 1993 760 2038 cum
785 1974 849 2039 593
876 1971 968 2063 (161)
993 1975 1094 2040 latum
1111 1995 1175 2040 ecee
1195 1994 1279 2039 ccu-

273 2103 336 2156 atet
358 2089 394 2168 ³,
416 2111 537 2157 noram
554 2091 630 2157 inde
646 2090 882 2158 dubitationem
902 2094 943 2158 de
964 2093 1118 2158 hactenus
1136 2091 1278 2176 probata

275 2207 390 2273 Lucilii
416 2221 520 2275 aetate
542 2208 621 2274 oriri
651 2209 756 2275 eenait.
801 2208 929 2274 Verum
950 2208 1007 2272 hic
1029 2208 1162 2294 quidem
1184 2209 1280 2278 aolito

276 2348 340 2393 eece
367 2325 552 2392 breuiorem
571 2327 713 2392 eundem
729 2327 888 2394 dolemus.
906 2323 1027 2392 Scribit
1048 2327 1157 2392 enim:
1183 2353 1202 2394 n
1218 2349 1279 2394 ve-

275 2465 353 2510 rum
383 2445 447 2508 hoc
476 2464 536 2528 per
565 2465 599 2509 re
625 2444 733 2510 nolum
758 2445 800 2509 ed
824 2446 1047 2532 denegandam
1071 2445 1211 2512 Eusebio
1233 2447 1279 2512 ti·

273 2563 350 2629 dem
372 2582 491 2646 parum
515 2563 621 2628 ualere
643 2574 750 2647 patet,
773 2563 965 2647 praesertim
984 2585 1062 2629 cum
1082 2563 1278 2630 idemTiti-

273 2701 312 2747 ue
332 2715 378 2730 -
398 2699 466 2745 non
494 2680 584 2747 enim
615 2678 657 2746 ab
676 2679 732 2746 illo
751 2681 879 2747 differre
900 2681 1027 2747 uidetur
1048 2717 1096 2730 -
1115 2682 1161 2748 ita
1183 2705 1279 2750 com-

273 2813 477 2866 memoretur
510 2821 530 2866 a
564 2797 718 2866 Cicerone
742 2799 858 2889 (omn
882 2796 956 2886 45),
986 2813 1025 2865 nt
1047 2801 1279 2870 existimandus

274 2919 315 2984 ait
344 2917 488 2984 maxime
507 2915 650 2982 floruisse
678 2919 786 2982 ceculo
807 2917 1030 3004 insequenti.»
1077 2919 1141 2986 Rea
1164 2935 1280 2986 tamen

274 3038 374 3124 dignn
396 3049 460 3115 cet,
490 3055 573 3121 quae
603 3036 702 3120 paulo
727 3036 906 3103 accuratim
931 3037 1164 3128 investigetur,
1188 3041 1278 3124 quod

273 3158 379 3220 iacere
403 3154 576 3234 decuisset,
599 3153 658 3240 qui
685 3152 720 3218 iu
743 3153 875 3241 cingulis
895 3156 1097 3240 explorandis
1113 3159 1279 3241 praeclare

274 3285 417 3340 vereatur
447 3286 527 3341 erat.

318 3389 399 3477 Quia
438 3391 537 3458 fuerit
578 3390 618 3459 C.
658 3389 762 3458 Titius
793 3389 961 3460 Macrobic
986 3394 1154 3470 laudatur,
1198 3417 1278 3461 cum

275 3600 553 3624 νη...-

309 3757 321 3794 ι
358 3741 403 3792 De
419 3740 485 3790 Fir.
502 3735 529 3800 Ι,
545 3735 575 3800 5,
592 3755 621 3808 70

308 3853 325 3890 ι
361 3837 478 3888 &turm
496 3829 541 3897 ll.
559 3848 603 3888 ta·

308 3935 327 3987 3
360 3931 429 3988 Nm
445 3931 479 3986 C·
500 3928 678 3985 Fanniae
693 3947 751 3984 cam
768 3931 959 4000 consultant,
987 3950 1068 4004 quam
1091 3935 1279 4004 magistratum

275 4031 357 4100 gemit
374 4047 427 4093 ro,
446 4047 527 4098 quem
547 4025 743 4091 iudicarim,
765 4043 845 4083 anno.
862 4029 932 4082 1³12·
942 4049 971 4083 a.
991 4034 1029 4084 Η.
1054 4035 1093 4086 Ν.
1114 4031 1153 4099 Χ,
1165 4031 1211 4088 So.
1233 4033 1281 4087 Ci-

276 4128 371 4182 OreI
380 4128 401 4184 Ι.
429 4130 525 4180 olom.
546 4127 621 4180 rull.
641 4125 697 4189 lll,
716 4125 775 4195 273·
