2894 4986
504 373 659 459 ‚at

140 553 246 616 multo
267 549 452 639 graviorem
475 571 513 618 ex
537 549 651 634 populi
671 550 829 616 tentantia
851 553 978 638 roganti
1001 548 1144 617 resistere

140 671 292 747 nolebat,
312 685 459 738 metuent
487 693 549 748 ne,
573 673 635 737 hao
648 673 756 757 justa,
780 685 837 737 aut
859 670 1004 738 defuturi
1024 685 1145 747 carent,

139 788 198 874 qui
232 786 378 854 ambittbt
409 811 479 854 reos
504 803 713 866 accusarent,
749 803 824 868 aut,
846 790 873 855 ei
899 787 1145 867 invenirentur,

138 929 263 974 severat
302 927 418 991 poenas
449 907 512 973 reia
547 905 696 996 infligere
729 909 852 995 judices
884 907 1099 976 detrectarent
1119 910 1145 976 ¹.

140 1021 291 1092 sancitae
327 1022 523 1107 Calpurniae
556 1020 686 1090 videtur
702 1045 769 1090 non
787 1021 845 1090 diu
863 1039 936 1110 poet
956 1027 1148 1112 derogatum

142 1165 205 1210 cete
222 1143 263 1220 ²,
297 1141 467 1229 quamvis,
497 1164 581 1228 qnae
609 1155 719 1209 aecuta
732 1155 779 1208 eet
798 1143 927 1218 Tullia,
951 1167 971 1209 a
993 1143 1148 1210 Cicerone

142 1264 273 1354 consule
300 1263 383 1338 lata,
412 1260 586 1346 pristinam
614 1260 817 1328 teneritatem
836 1283 902 1328 nou
923 1265 1021 1328 modo
1044 1260 1152 1329 vindi·

143 1380 250 1456 eavit,
272 1381 328 1444 sed
361 1376 467 1457 auxit;
492 1379 630 1464 quippe,
657 1381 745 1465 quod
765 1377 956 1446 Cornelium
977 1381 1048 1465 jam
1076 1394 1151 1445 ante

143 1497 341 1566 meditatum
376 1497 471 1564 fuiare
505 1497 644 1582 opinor,
681 1501 794 1564 decem
819 1519 981 1564 annorum
1000 1495 1151 1564 exailium

143 1617 308 1701 prioribus
335 1614 496 1700 capitibus
518 1615 635 1702 adjecit
647 1615 674 1682 ³.
720 1615 836 1702 Itaque
860 1618 922 1682 bac
944 1615 1078 1702 quidem
1095 1639 1153 1682 ae·

145 1736 242 1822 quior
269 1734 469 1820 Calpurnia,
486 1733 556 1819 ipra
573 1747 684 1800 tamen
702 1755 812 1800 aevera
823 1737 930 1799 fuerat
942 1732 969 1800 ί.
993 1733 1078 1800 Hinc
1091 1757 1154 1799 au-

146 1867 213 1918 tem
247 1850 408 1929 efficitur,
430 1853 505 1936 jure
524 1849 623 1916 e'tatui
644 1871 752 1935 pocae,
772 1872 840 1916 non
856 1851 955 1916 aliam
979 1872 998 1914 a
1023 1849 1151 1917 Lucilio

145 1971 361 2057 significatam
382 1973 488 2056 legem
510 1969 605 2036 fuisse
619 1993 719 2056 quam
732 1969 945 2054 Calpurniam
960 1973 999 2035 de
1013 1967 1152 2035 ambitu.

148 2091 224 2175 Ejus
256 2089 360 2179 igitur
380 2104 464 2157 aetaa
488 2111 630 2168 annum,
653 2108 720 2175 quo
734 2091 799 2155 lata
816 2103 886 2166 eet,
909 2087 974 2154 686
998 2085 1069 2178 (tto)
1093 2109 1154 2152 ex·

148 2208 260 2289 retain
290 2231 372 2274 num
393 2229 470 2274 vero
486 2221 559 2294 poet
580 2209 636 2275 diu
655 2221 812 2292 superatae
837 2204 938 2270 tuerit
951 2251 960 2282 ,
974 2205 1071 2271 nullia
1084 2220 1154 2271 tea-

150 2323 300 2392 timoniia
320 2328 489 2392 docemur.

193 2445 238 2512 Et
271 2446 317 2510 tic
335 2443 470 2530 quidem
488 2441 669 2509 accedimus
689 2445 731 2509 ud
754 2441 947 2520 Horatium,
973 2442 1032 2529 qui
1055 2440 1157 2507 Luci·

153 2565 235 2630 lium
268 2585 379 2628 amem
409 2559 596 2647 appellavit.
638 2558 777 2626 Viderat
796 2562 866 2644 jam
886 2559 1010 2637 Donsa,
1030 2559 1157 2625 obstare

156 2685 219 2748 boc
250 2679 411 2746 indicium
445 2676 694 2764 Hieronymiani
723 2673 878 2744 chronici
913 2676 1000 2742 fidei.
1047 2675 1159 2742 Idem-

155 2821 218 2885 que
242 2795 407 2885 cogitabat
422 2794 690 2862 Sereitullianum
702 2798 866 2873 lustrum,
884 2809 922 2862 ut
938 2793 974 2860 in
987 2795 1159 2860 concordi-

156 2939 209 2982 am
228 2915 404 2982 Horatium
421 2928 454 2980 et
475 2911 633 2980 Chronici
653 2912 847 2998 scriptorem
865 2913 1026 3002 redigeret
1044 2914 1072 2980 ⁵.
1119 2914 1158 2978 In

159 3057 224 3120 quo
242 3054 318 3100 rane
338 3031 458 3099 errarit
486 3030 664 3116 multisque
696 3031 824 3097 errandi
843 3035 972 3115 culpam
997 3032 1158 3099 conflavit.

163 3153 264 3220 Recte
279 3151 411 3220 monuit
420 3151 544 3238 Varges
555 3153 721 3215 reatorem
733 3171 798 3214 non
817 3172 893 3215 cum
911 3172 985 3214 sena
1006 3147 1160 3218 contundi

164 3285 341 3360 oportere,
372 3284 406 3336 et
427 3291 544 3336 ranam
579 3291 651 3334 eam
674 3291 736 3334 erae
749 3269 784 3334 in
807 3267 942 3334 Horatio
960 3267 1160 3336 notationem

164 3453 439 3469 —---

200 3578 212 3616 t
249 3562 328 3614 Dio
354 3556 498 3614 Canai.
515 3557 536 3608 Ι.

200 3678 217 3714 α
254 3658 334 3710 otc.
355 3673 408 3726 pro
433 3657 517 3710 Corn.
533 3673 561 3722 p.
581 3656 626 3708 68.

201 3754 219 3806 t
255 3753 387 3806 Schol.
413 3753 500 3806 not.
528 3753 567 3811 ad
585 3760 659 3804 orat.
673 3765 728 3820 pro
750 3747 843 3810 Sulla,
864 3763 890 3814 p.
908 3749 969 3804 361.

201 3850 221 3903 b
252 3851 346 3906 Bau.
373 3851 411 3901 ud
438 3869 480 3902 or.
501 3867 557 3918 pro
583 3848 687 3900 Plano·
715 3863 743 3913 p.
767 3848 829 3915 269,
843 3861 898 3914 pro
918 3847 991 3898 uest.
1009 3864 1037 3914 p.
1053 3847 1115 3919 509,
1135 3851 1165 3902 in

178 3949 275 4002 Vatin.
293 3966 322 4016 p.
340 3943 401 4002 52⁴.
419 3947 471 4000 Aa
482 3965 506 4000 c.
524 3947 553 3997 in
570 3953 644 3997 orat.
661 3944 692 3996 in
710 3952 769 4012 tog.
787 3942 869 3996 caud.
888 3958 915 4006 p.
932 3941 976 3994 83.

203 4041 220 4092 ⁵
254 4047 367 4115 Frogm.
391 4045 460 4094 Duo.
486 4059 515 4108 p.
541 4043 575 4110 98
593 4041 621 4091 b.
659 4037 761 4090 Eodem
780 4050 849 4088 ettno
870 4035 961 4106 (¹⁵97)
987 4041 1165 4111 Oraquiue

175 4139 211 4190 ad
225 4142 375 4194 Horatium
392 4157 420 4206 p.
437 4137 503 4193 itta
522 4136 631 4188 candem
650 4135 806 4204 opinionem
824 4132 921 4185 edidit.
