2860 4974
617 447 677 507 199

138 637 189 688 tua
218 622 327 686 suerit.
352 611 500 684 Fuerunt
521 622 555 684 in
580 618 705 684 Horatii
720 619 971 703 interpretibus,
995 619 1052 704 qui
1066 622 1154 682 hunc

139 743 250 803 locum
268 741 309 802 dc
327 738 488 820 personia,
513 759 592 821 quaa
609 737 645 800 in
657 737 761 801 satiris
772 737 940 818 exposuit,
963 737 1153 823 singulatim

141 857 352 939 explicarent.
397 854 486 919 Num
506 877 621 938 parem
649 855 774 919 Lucilio
798 853 991 918 industriam
1016 855 1068 918 alii
1094 856 1155 917 ed·

140 972 332 1049 hihuerint,
355 973 534 1037 obaccrum
558 985 615 1036 eat.
662 970 776 1056 Quum
799 991 877 1035 vero
901 984 1040 1055 uterque
1058 975 1155 1054 poe'ta

139 1091 179 1154 de
191 1089 308 1154 iisdem
331 1109 572 1174 nonnunquam
590 1089 781 1153 hominibus
795 1091 997 1154 mentionem
1020 1089 1153 1166 iecerit,

139 1208 295 1292 contigit,
314 1221 352 1271 ut
370 1207 494 1290 aliquid
515 1221 601 1271 certe
619 1206 750 1270 subsidii
775 1227 814 1269 ex
833 1207 870 1269 iie
891 1205 1153 1282 commentariis,

140 1324 201 1408 qui
232 1323 411 1390 Horatiana
435 1325 582 1390 carmina
610 1337 778 1409 spectant,
813 1325 879 1410 peti
915 1324 1032 1406 pouit,
1068 1325 1154 1388 unde

142 1441 288 1507 Lucilius
312 1442 503 1508 illustretur.
558 1493 566 1510 .

176 1558 290 1638 'Triete
323 1560 423 1644 igitur
459 1559 617 1625 continuo
652 1559 823 1624 exordium
858 1561 1045 1623 faciendum
1069 1571 1115 1622 eat
1135 1583 1159 1622 a⁴

140 1675 247 1760 Lupo.
294 1675 391 1740 Hunc
409 1697 449 1740 ex
474 1695 513 1740 eo
534 1677 708 1740 hominum
731 1697 850 1762 genere
872 1677 966 1741 fuisse
988 1678 1151 1752 videmus,

140 1795 197 1878 qui
215 1794 395 1858 introrsum
409 1808 520 1878 turpes
538 1796 707 1858 honestam
721 1815 759 1858 ae
771 1795 909 1858 nitidam
921 1795 1061 1877 speciem
1073 1816 1152 1878 prae

140 1929 173 1974 ee
194 1911 363 1986 ferebant,
383 1931 485 1996 eaque
511 1911 617 1976 fallaci
641 1913 725 1994 pelle
749 1911 825 1975 tecti
846 1907 1012 1976 credulam
1036 1913 1153 1976 multi-

139 2028 289 2092 tudinem
307 2026 422 2092 miaere
447 2028 661 2111 decipiebant.
707 2028 866 2093 Videatur
886 2030 1149 2094 commentitium

140 2147 208 2230 ajue
228 2167 352 2211 nomen
370 2167 452 2224 ease,
473 2147 595 2231 quippe
609 2167 676 2232 quo
696 2147 817 2212 indoles
838 2149 899 2212 riri
920 2148 1017 2212 nimie
1041 2150 1151 2212 mani·
1228 2199 1231 2204 .

144 2266 221 2327 lecte
247 2265 415 2346 prodatur.
463 2262 526 2328 Sed
554 2285 659 2349 quum
679 2265 835 2328 Romania
853 2287 872 2328 a
892 2263 999 2328 bestiis
1024 2287 1150 2352 cogno-

140 2378 230 2443 mina
252 2383 371 2445 ducere
391 2382 572 2465 placuerit,
594 2382 677 2447 nihil
694 2382 830 2459 mirum,
855 2383 953 2446 etiarn
976 2383 1148 2466 Luporum

140 2497 299 2562 familiam
334 2499 501 2565 celebrari.
547 2500 758 2583 Disputatum
780 2521 859 2565 vero
877 2515 945 2577 eat,
970 2503 1064 2586 quale
1080 2505 1148 2584 ple·

142 2635 223 2678 num
254 2618 321 2699 ejua
340 2636 463 2680 nomen
486 2619 603 2694 fuerit,
629 2619 687 2702 qui
707 2619 763 2683 hic
785 2633 1000 2685 memoretur.
1045 2619 1147 2687 Vetus

140 2729 299 2814 interpret
322 2730 357 2796 P.
380 2733 580 2798 Rutilium
604 2734 760 2820 Lupum
784 2737 879 2801 iuiaee
901 2737 1019 2801 diserte
1030 2739 1144 2813 trudit,

142 2853 233 2935 eujue
264 2853 298 2914 ia
332 2857 502 2918 consulatu
534 2857 657 2939 collega
690 2855 752 2918 fuit
785 2855 824 2950 L.
854 2856 957 2920 Juliue
973 2855 1088 2921 Caesar
1117 2880 1145 2920 a.

140 2969 205 3032 664
231 2966 301 3057 (90)
314 2968 340 3033 ¹.
365 2969 485 3034 Parum
513 2970 644 3035 veroid
667 2972 822 3037 credibile
845 2974 949 3037 vicum
974 2989 1020 3038 eet
1043 2994 1149 3056 prop·

142 3099 229 3150 terea
260 3090 349 3170 quod
376 3091 463 3168 apud
495 3088 680 3168 Lucilium,
716 3092 773 3174 qui
808 3095 934 3155 dudum
958 3107 1032 3155 ante
1055 3091 1150 3156 sslnm

141 3223 265 3266 annum
300 3202 449 3279 obiisset,
485 3219 609 3270 exstare
640 3228 708 3271 non
730 3209 847 3291 potuit.
896 3207 1005 3292 Quare
1029 3213 1151 3294 placuit

142 3317 177 3380 in
207 3319 249 3384 L.
285 3319 518 3386 Cornelium
551 3324 767 3390 Lentulum
800 3328 954 3410 Lupum
988 3329 1150 3406 incidere,

142 3436 200 3519 qui
232 3457 294 3504 coe.
320 3439 384 3503 fuit
405 3461 483 3504 com
507 3439 546 3507 C.
571 3441 694 3508 Marcio
716 3443 834 3530 Figulo
856 3467 885 3510 a.
911 3447 975 3510 598
1000 3447 1092 3535 (156)
1119 3458 1151 3513 et

142 3551 291 3620 Ciceroni
316 3577 385 3620 non
413 3559 582 3625 indisertus
608 3575 718 3626 orator
745 3561 911 3628 hebituel.
958 3565 1045 3629 Nihil
1074 3586 1150 3631 vero

141 3672 248 3739 obeam
281 3689 456 3757 putamus,
489 3679 667 3766 quominus
691 3695 836 3748 veterem
858 3683 1070 3768 interpretem
1097 3707 1150 3749 ae-

139 3855 231 3866 p...—

176 3973 189 4010 ι
229 3963 275 4011 Co
287 3979 362 4016 mm.
382 3965 465 4033 Cruq.
483 3968 522 4018 ad
536 3971 626 4019 Hor.
647 3971 707 4021 Sat.
729 3970 770 4031 Η,
785 3987 812 4036 t,
825 3973 869 4043 633.
887 3971 932 4022 Cf.
955 3977 1004 4025 Pe
1018 3995 1063 4026 rr·
1085 3979 1148 4030 Set.

144 4054 246 4117 l,115.

176 4169 191 4203 2
230 4157 277 4206 To
291 4173 380 4208 tren
394 4167 414 4208 t.
445 4161 482 4207 ud
499 4161 570 4211 Hor.
588 4159 607 4210 Ι.
627 4160 645 4210 1.
668 4161 708 4210 ci
720 4180 741 4212 c.
762 4165 844 4214 erar.
865 4183 908 4226 eo,
927 4181 971 4234 79.
