2860 4974
762 383 824 446 186

286 583 360 636 ma,
380 579 463 642 quac
487 567 640 624 mutuam
662 560 916 624 benivolentiam
941 525 974 622 et
987 557 1194 624 concordiam
1216 579 1293 625 oon·

283 683 403 765 jugum
430 679 601 754 tollerent,
625 676 724 742 etiarn
750 677 900 741 adulterii
930 676 1093 762 flagitium
1113 678 1292 760 expositum

289 796 383 860 sarissa
403 794 608 877 suspicamur
622 792 648 859 ¹.

330 910 446 997 Itaque
467 933 507 976 ex
526 911 662 997 triginta
681 910 770 975 libris
788 933 854 974 non
873 910 931 976 nisi
950 919 1021 974 tres
1040 912 1202 976 librorum
1220 911 1297 977 ritu·
1421 927 1422 974 l

287 1033 333 1095 los
354 1028 579 1114 cognorimus.
602 1027 711 1092 Fuisse
734 1028 832 1092 etiam
851 1027 934 1092 liber
956 1025 1094 1102 dicitur,
1119 1026 1177 1112 qui
1197 1027 1297 1090 bolis

287 1146 528 1222 inscriberetur,
552 1149 641 1230 quod
663 1167 702 1210 cx
726 1144 850 1210 Isidoro
872 1158 982 1229 patere
1004 1146 1202 1210 existimarit
1224 1143 1299 1210 Sca·
1421 1177 1422 1204 t

287 1266 386 1352 liger:
424 1265 520 1330 «Est
552 1265 668 1351 igitur,
703 1265 770 1340 ait,
806 1265 995 1347 catapirates
1030 1265 1194 1330 funiculus
1222 1285 1297 1328 cum
1421 1255 1422 1262 ἵ

287 1382 428 1466 plumbo
444 1382 603 1467 deligato,
627 1383 684 1466 qui
709 1389 942 1467 καταπειρατὴρ
960 1381 1085 1446 Graece
1105 1382 1225 1448 dicitur
1244 1387 1301 1469 βο-
1421 1463 1422 1472 ¹

289 1499 356 1576 λὶς,
392 1522 411 1564 a
440 1519 506 1584 quo
532 1514 565 1564 et
597 1499 739 1565 Lucilius
768 1501 915 1564 fabulam
940 1521 1054 1576 suam,
1086 1503 1172 1564 unde
1194 1521 1300 1564 versus
1421 1537 1422 1572 t

290 1620 365 1684 istos
386 1617 496 1682 attulit
520 1617 681 1693 Isidorus,
714 1617 862 1684 bolidem
883 1618 1087 1702 inscripserat
1099 1617 1126 1683 2.
1142 1637 1160 1678 »
1208 1617 1301 1686 Unde
1421 1629 1422 1656 ¹

291 1739 376 1800 hanc
391 1734 578 1817 opinionem
595 1736 737 1799 hauserit
757 1735 807 1800 vir
828 1757 984 1821 magnus,
1007 1757 1075 1800 non
1098 1736 1203 1800 rideo.
1249 1735 1301 1818 lp·
1421 1753 1422 1816 ᾗ

289 1851 330 1917 sis
352 1851 485 1936 quidem
502 1848 618 1914 Lucilii
644 1851 748 1916 verbis
771 1852 958 1916 continetur
981 1851 1096 1916 bolidis
1113 1851 1300 1933 descriptio.

291 1991 407 2034 rerum
431 1968 512 2032 nibil
529 1982 575 2032 est
597 1970 683 2032 unde
704 1970 744 2032 de
765 1968 894 2032 fabulae
907 1969 1003 2033 titulo
1014 1967 1186 2033 existimes.
1211 1967 1303 2034 Prae·

291 2102 379 2152 terea
398 2085 522 2173 Varges
541 2085 720 2169 suspicatus
743 2100 809 2163 est,
833 2099 941 2150 totum
965 2085 1089 2149 librum
1108 2085 1301 2151 velentium

293 2207 459 2289 quandam
491 2203 727 2269 Panaetium
750 2203 939 2286 inscriptam
964 2201 1081 2279 fuisse,
1111 2225 1130 2266 e
1159 2201 1304 2268 Noniano

295 2323 412 2390 Lucilii
444 2327 632 2409 fragmento
660 2335 817 2404 corrupto
839 2321 1026 2404 conjectura
1051 2321 1149 2386 ducti
1163 2320 1192 2387 ³.
1239 2319 1306 2385 lias
1421 2319 1422 2338 ¹

296 2440 430 2523 quidem
448 2439 642 2522 suspiciones
663 2439 825 2502 cumulari
846 2437 977 2520 pomiut.
1013 2436 1119 2502 Simili
1138 2440 1216 2522 jura
1235 2457 1305 2522 pos·
1421 2443 1422 2498 l

295 2558 336 2620 sit
353 2555 450 2620 alicui
471 2555 571 2620 videri
596 2556 709 2620 titulus
730 2556 807 2621 libri
831 2556 990 2622 Luciliani
1008 2556 1103 2622 scrisse
1126 2557 1307 2641 Torqua·
1421 2611 1422 2650 ἦ

295 2689 375 2751 tus,
393 2676 473 2739 baec
484 2672 577 2738 Plinii
590 2673 689 2739 rerba
701 2674 936 2740 consideranti:
962 2673 1094 2760 «Togae
1107 2695 1193 2738 rasas
1206 2673 1308 2760 Pbry-

297 2793 472 2878 xianasque
493 2792 567 2858 Diri
587 2792 726 2878 Augusti
745 2790 927 2858 novissimis
947 2792 1150 2876 temporibus
1172 2791 1308 2876 coepisse
1421 2861 1422 2894 1

296 2912 410 2978 scribit
437 2911 628 2976 Fenestella.
674 2909 816 2976 Crebrae
851 2923 1066 2994 papaveratae
1087 2909 1305 2995 antiquiorem
1421 2953 1422 2994 p

282 3032 421 3096 ¹habent
437 3029 617 3116 originem,
637 3031 709 3115 jam
730 3029 792 3094 sub
815 3029 941 3094 Lucilio
954 3034 1060 3112 pob'ta
1083 3030 1117 3093 in
1141 3029 1309 3114 Torquato

299 3163 428 3214 notatae
441 3147 502 3213 ⁴.»
527 3146 642 3230 Quum
665 3167 743 3214 vero
764 3150 853 3213 haud
869 3148 979 3232 inepte
1005 3148 1064 3212 riri
1082 3149 1169 3213 docti
1187 3143 1307 3232 opinati
1421 3151 1422 3214 ἰ

299 3267 384 3344 sint,
407 3267 446 3332 T.
472 3265 758 3352 ManliiTorquati
778 3269 869 3352 ejus,
893 3267 950 3352 qui
975 3267 1104 3333 sortiter
1126 3287 1205 3332 cnm
1219 3266 1310 3334 Gallo
1421 3327 1422 3366 ᾗ

301 3504 578 3520 m

338 3681 348 3717 r
389 3663 473 3716 etr.
496 3661 686 3715 (inlicito.
711 3663 927 3725 Verisimtw
953 3666 1132 3730 (Gruter.
1150 3667 1224 3718 tlser.
1243 3667 1306 3718 erit·

306 3761 351 3816 ill
370 3779 399 3830 p·
419 3761 497 3830 ηδ).
526 3760 581 3811 Au
595 3769 661 3810 cta
673 3779 697 3814 r.
713 3770 781 3828 post
799 3763 901 3811 Comm.
921 3763 1005 3829 Cruq.
1025 3777 1052 3825 p.
1070 3759 1146 3829 692⁵.

338 3879 354 3912 a
393 3857 544 3926 Scalig·
562 3855 602 3906 acl
619 3856 730 3907 Festum
751 3873 775 3904 v.
797 3855 929 3909 rodus.

338 3955 355 4005 5
393 3957 525 4022 Quaerit.
544 3951 637 4004 Lucil.
655 3969 682 4020 p.
700 3951 745 4020 57,
763 3953 790 4003 5.

338 4053 356 4105 4
391 4053 466 4102 Hist.
488 4053 556 4104 Nat.
576 4049 670 4114 vill,
688 4049 723 4120 pi
741 4050 812 4119 (48).
843 4054 892 4104 ha
907 4053 943 4102 ci
954 4052 974 4102 1.
984 4051 1030 4124 sr.
1049 4070 1104 4105 rrrs.
1126 4051 1184 4120 ¹67.
