2860 4974
111 595 248 653 cmnes,
273 575 392 662 quibus
420 577 499 642 socii
525 579 719 653 utebantur,
744 581 902 660 praesenti
929 596 1122 665 cognoscere

109 709 142 758 et
165 695 324 778 inspicere
348 696 375 759 ei
395 696 497 759 licuit.
522 696 734 760 Exsecratunt
753 710 865 760 autern
886 699 1052 761 seelestam
1065 715 1122 758 eu-

113 813 309 895 piditatent,
344 835 427 898 quae
452 814 532 878 furti
558 828 615 879 sut
631 816 798 896 peculatus
818 815 982 878 simillima
999 825 1069 878 erut
1089 826 1122 875 et

108 931 223 994 baberi
255 930 412 1006 debebat,
446 931 617 995 verisimile
647 945 714 1006 est,
744 953 822 994 eum
855 951 922 996 non
941 933 1039 996 modo
1067 930 1121 1012 ip-

108 1071 182 1112 sum
216 1049 524 1114 abstinentissimum
552 1049 665 1124 luisse,
700 1051 868 1113 sedetiam
892 1049 990 1114 socios
1014 1049 1121 1114 conti·

108 1167 213 1231 nuisse
239 1190 258 1230 a
294 1168 420 1232 nefario
448 1181 594 1252 quaestu.
642 1166 769 1251 Quibus
791 1189 863 1230 earn
888 1167 1016 1232 virtutis
1039 1187 1123 1232 con·

107 1285 261 1348 stantium
287 1283 407 1348 insidiis
430 1282 673 1367 inimicitiisque
695 1283 770 1347 socii
790 1282 955 1366 publicani
980 1282 1120 1347 labefac-

108 1419 177 1467 tere
203 1402 408 1476 studuerint,
442 1402 551 1486 qualia
580 1401 685 1465 moliti
709 1402 795 1477 sint,
827 1416 863 1465 ut
896 1402 956 1464 sibi
983 1403 1120 1484 impune

107 1543 222 1599 rapere
246 1543 283 1585 ac
305 1523 388 1584 serre
409 1521 538 1594 liceret,
563 1520 767 1605 intelligitur,
787 1541 893 1604 noque
916 1520 1004 1583 aliud
1028 1518 1122 1582 ride·

108 1652 162 1702 tur
192 1639 259 1720 ipse
279 1638 421 1702 indicere
444 1638 602 1712 voluisse,
635 1637 692 1700 ubi
717 1640 881 1720 quendam
905 1638 985 1702 buce
1005 1637 1120 1701 dieen-

109 1769 174 1819 tem
195 1756 340 1820 inducit:
379 1783 396 1821 e
408 1755 600 1821 Publicanus
625 1771 662 1820 ut
686 1755 778 1819 Asiae
795 1757 874 1819 fiam
891 1754 1119 1838 scripturarius

106 1895 168 1957 pro
198 1875 340 1952 Lucilio,
374 1875 408 1939 id
437 1896 499 1960 epo
523 1877 600 1938 nolo
621 1887 653 1937 et
671 1893 738 1936 uno
758 1876 819 1937 hoc
840 1894 906 1935 non
924 1887 1019 1936 muto
1041 1893 1119 1935 om-

107 1993 159 2056 nia
173 1992 198 2056 ¹.
211 2011 228 2052 >t
255 1993 394 2058 Eosdem
418 1991 537 2078 igitur,
563 2011 644 2082 quos
668 1994 818 2072 exemplo
841 2005 873 2054 et
894 1990 1044 2054 libertate
1067 1988 1116 2051 di-

107 2112 199 2176 cendi
230 2132 382 2175 revocare
415 2109 610 2184 studuisset,
651 2109 732 2191 quin
759 2107 887 2172 satirico
929 2107 1003 2169 selle
1039 2125 1119 2188 per·

105 2227 273 2293 strinxerit
294 2229 327 2291 in
355 2249 452 2311 opere
472 2248 547 2303 suo,
574 2226 713 2290 dubium
734 2245 799 2288 non
820 2239 877 2288 est.
924 2223 987 2288 Sed
1010 2243 1116 2306 quum

106 2346 187 2428 ipsi,
213 2345 270 2428 qui
293 2345 472 2427 provincias
493 2343 597 2408 sortiti
620 2343 777 2416 obibant,
799 2342 947 2424 quaestui
970 2340 1118 2404 faciendo

107 2483 240 2546 operam
261 2466 389 2540 darem,
412 2477 486 2526 turn
505 2463 603 2526 moris
622 2462 658 2526 iis
677 2475 746 2525 erat
768 2463 884 2524 eodem
896 2481 1007 2524 secum
1030 2459 1117 2522 arni-

106 2603 157 2645 cos
189 2603 227 2646 ex
251 2581 342 2648 Urbe
362 2584 538 2654 adducere,
569 2579 687 2664 quibus
709 2593 746 2642 ut
771 2579 853 2642 bene
877 2577 1054 2660 eripiebant
1072 2577 1118 2642 ita

107 2699 354 2782 provincialium
373 2698 536 2762 sumtibus
559 2698 642 2760 bene
659 2696 821 2760 iaciebant
837 2710 870 2758 et
891 2695 1117 2760 contuberna-

106 2820 147 2880 les
167 2841 205 2882 ac
223 2817 413 2882 domesticos
438 2815 636 2880 convictores
655 2813 830 2877 habebunt.
876 2812 973 2878 Hunc
989 2812 1116 2877 amico·

104 2957 179 3000 rum
212 2936 406 3002 comitatum
427 2936 607 3020 presteris
642 2954 666 2996 s.
687 2934 909 3017 praetorium
943 2931 1114 2994 celsorum

104 3075 239 3139 eosque,
260 3055 316 3137 qui
339 3074 416 3117 cum
440 3051 639 3135 praesidibus
659 3052 700 3113 ad
720 3050 874 3112 salarium
892 3048 1002 3123 ibant,
1021 3069 1116 3110 mer·

104 3171 175 3235 csds
206 3175 365 3236 inventes
396 3171 545 3259 legiones
571 3166 757 3250 appellabat
788 3163 929 3228 Lucilius
942 3163 970 3228 2.
1017 3163 1113 3228 Haud

104 3290 337 3354 dubiecosdem
351 3287 535 3352 volucribus
553 3285 723 3369 rapacibus
743 3298 775 3347 et
795 3281 1003 3346 veracissimis
1018 3303 1115 3346 eom·

104 3430 217 3491 parans
242 3411 409 3497 agrarios
430 3428 565 3493 mergos
594 3418 626 3468 et
653 3403 827 3466 saltarios
859 3398 939 3462 dixit
953 3399 979 3463 ³.
1019 3399 1111 3484 Quae

135 3675 148 3712 t
186 3660 225 3712 Cl'
249 3659 418 3728 sup.p.57.

134 3773 151 3808 a
186 3759 237 3810 Pr.
255 3760 309 3809 inc.
327 3757 355 3820 5,
374 3758 417 3818 63,
445 3755 679 3814 blanditionum,
699 3755 827 3804 mensule
847 3755 966 3804 Dousa
986 3753 1024 3801 ad
1045 3757 1109 3803 buc.

101 3869 128 3918 p.
150 3853 206 3907 roi.
228 3853 272 3905 Cl.
292 3870 352 3908 tta.

133 3951 150 3999 3
183 3951 226 4000 Ju
235 3951 254 4002 l·
267 3951 424 4020 Capitol.
436 3953 486 4001 vir.
497 3951 605 4000 Persia.
619 3965 668 4016 c.9
681 3945 765 4006 hunc,
779 3944 914 4010 prinlum
925 3939 1023 4001 adbuc,
1034 3942 1122 4009 qttis„

98 4047 238 4112 oppressis
249 4047 361 4100 foenore
372 4049 427 4115 agri
440 4047 659 4114 possessoribus,
675 4044 755 4093 latins
767 4057 830 4091 snos
850 4039 917 4088 lines
936 4047 1107 4106 prorogaret,

99 4159 130 4190 ex
149 4160 228 4196 versu
243 4142 386 4196 Luciliano
404 4153 518 4212 propter
536 4141 665 4194 avarities
683 4138 863 4204 suspicionem
877 4136 1023 4202 agrarium
1036 4153 1108 4186 mer-
