2888 4972
597 377 661 439 245

118 557 357 643 grarrrmeticae
381 554 628 638 rhetoricaeque
654 553 802 637 partibus
819 553 996 634 'disputavit
1019 567 1051 614 et
1065 549 1142 614 eri·-

120 675 173 740 tiei
213 695 350 738 munere
383 673 418 736 in
451 671 671 736 existimandis
701 676 876 754 petitarum
908 683 941 733 et
962 683 1131 734 oratorum

120 793 273 876 operibus
314 793 446 855 functae
477 789 562 854 est1.
611 789 662 854 Ad
690 792 770 854 haee
804 803 915 853 nutem
936 787 1042 851 studia
1061 788 1133 849 exi-

122 909 187 972 mie
212 909 244 972 ei
279 907 438 990 profuisse
457 910 633 972 censendus
658 921 705 972 est
724 905 854 990 Scipio,
879 928 1022 989 eumque
1044 905 1133 968 exei-

122 1039 201 1090 tasse
223 1038 261 1088 ut
281 1027 322 1088 ad
336 1037 437 1090 certae
450 1027 536 1110 leges
550 1027 766 1088 fluctuantem
780 1027 887 1088 adhuc
901 1025 1031 1108 linguae
1044 1022 1134 1086 Lati-

123 1164 183 1206 nae
202 1143 365 1206 rationem
388 1155 565 1240 revocaret
595 1141 665 1206 Hoe
686 1143 774 1205 enim
800 1137 994 1226 Quintiliani
1014 1143 1053 1204 ‹le
1068 1139 1134 1204 Sei-

127 1261 221 1342 pione
242 1260 468 1324 testimonium
490 1274 556 1323 eet:
585 1285 601 1326 n
615 1258 704 1342 Quid
726 1260 832 1323 dicam
848 1262 995 1322 vortices
1016 1272 1048 1321 et
1060 1281 1134 1321 ror-

126 1400 196 1453 rru,
217 1390 392 1461 reteraque
412 1379 454 1440 ed
467 1379 607 1440 eundem
622 1377 758 1439 modum
774 1419 784 1452 ,
808 1397 892 1459 quoe
905 1377 1013 1458 primo
1027 1373 1136 1459 Scipio

127 1495 299 1558 Africanus
327 1493 363 1556 in
387 1515 404 1556 e
425 1494 554 1557 literam
578 1497 753 1558 secundam
781 1494 911 1557 vertisse
932 1493 1072 1558 dieitur?
1087 1493 1136 1552 »²

128 1613 279 1677 Alterum
312 1611 416 1676 Festi:
455 1609 713 1700 «R'edergairee
742 1632 801 1694 per
826 1634 844 1674 e
870 1612 998 1675 literam
1029 1609 1150 1694 Scipio*

129 1730 322 1805 Africanus,
358 1727 448 1791 Pauli
476 1728 579 1802 filius,
617 1729 735 1791 dieitur
761 1729 967 1804 enunciasse‚
993 1743 1030 1791 ut
1052 1728 1149 1794 idem.

129 1847 225 1934 etiem
248 1848 446 1931 perticum,
471 1847 561 1927 cujus
583 1845 736 1908 meminit
759 1844 902 1908 Lucilius
925 1867 1001 1908 curn
1026 1846 1088 1908 ait:

174 1963 249 2049 an
267 1961 424 2048 facetior
444 1961 585 2026 videare
603 1975 635 2024 et
658 1964 749 2026 seire
766 1962 852 2046 plue
869 1984 973 2046 quem
992 1965 1100 2025 ceteri
1108 2008 1117 2034 ‚

174 2079 392 2144 Fortium
427 2081 618 2154 hominem,
652 2103 720 2142 aere
748 2091 996 2164 pertaesum
1030 2079 1149 2142 dicere·

662 2196 791 2283 serunt
801 2245 809 2273 ,
834 2219 916 2260 ream
937 2216 1096 2284 genere.»

135 2319 225 2404 Quae
257 2318 357 2382 verbe
390 2318 565 2382 adversarii
592 2318 685 2382 fuisse
708 2319 883 2394 videntur,
908 2315 1051 2400 Scipioni
1072 2339 1144 2381 ser·

133 2438 235 2501 monis
258 2434 462 2520 diligentiam
482 2435 670 2499 invidiosius
690 2434 883 2519 objicientis.

176 2554 364 2637 Scipionem
396 2573 497 2636 porro
521 2551 666 2616 Lucilius
689 2552 892 2616 memoravit
910 2553 959 2616 nis·
980 2553 1142 2618 versibus:

545 2706 591 2718 -
610 2670 785 2733 Cornelia’
806 2669 952 2756 Publia’
979 2683 1094 2734 noster

180 2787 363 2876 Scipiades
385 2787 521 2852 dietum
543 2799 741 2873 ternpurque
754 2791 929 2873 intorquet
944 2792 983 2850 ira
996 2791 1112 2873 iprum

180 2905 241 2970 Oti
259 2905 418 2979 deliciis,
444 2915 475 2966 et
499 2904 571 2967 treet
594 2903 722 2993 effictae
745 2917 848 2990 atque
871 2905 1012 2968 cinaedo

184 3023 233 3087 Et
250 3025 417 3086 sectatori
439 3021 521 3085 adeo
537 3025 611 3108 ipsi
632 3045 716 3098 eae,
735 3045 800 3108 qao
824 3025 947 3085 reetia’
972 3021 1089 3088 dieas.v

182 3141 261 3204 Ibat
283 3138 386 3225 sorte
413 3138 572 3215 domam,
617 3145 797 3225 sequimur
822 3141 930 3204 multi
950 3151 1052 3226 atque
1069 3139 1148 3278 {re-

926 3233 1082 3314 quenter‘
1096 3279 1103 3292 .

334 3323 418 3333 μή.

170 3383 190 3421 ι.
222 3365 291 3432 sep.
311 3381 416 3432 μιν,
437 3363 502 3418 281.-

169 3482 185 3516 ι
225 3461 537 3534 Qairat.1.l.l‚7.

173 3561 190 3612 3
228 3555 974 3614 Festasv.Sensismnlleritatentasti.

565 3683 598 3694 -
619 3656 761 3706 Corneliu'
781 3658 900 3709 Putlta’
918 3671 1032 3720 noster,

260 3751 422 3819 Scipiadam
442 3753 516 3813 dr'ee,
537 3761 645 3818 tempas
662 3770 743 3821 qaam
761 3763 895 3825 torqueat
914 3757 1004 3824 ipsum

262 3848 313 3898 Oti
332 3847 457 3912 deliciis,
476 3863 535 3898 cum
553 3845 682 3917 lucr'fhga
701 3857 786 3917 atque
805 3851 921 3900 cinaedo
940 3861 968 3900 et

229 3950 232 3956 '
263 3944 407 3996 Sectatore
426 3943 495 3994 adeo
513 3943 572 4011 ipse
589 3961 639 3994 sno
658 3945 725 4013 (qao
743 3942 847 3996 rectia’
864 3947 966 4013 dieas).

143 4036 175 4088 Ei
201 4037 356 4106 quotidiani
387 4037 525 4104 Scipionis
542 4055 632 4089 morer
649 4037 768 4090 describi
799 4039 934 4096 videnlur.
967 4039 1006 4092 cf
1030 4047 1085 4109 ejus
1105 4045 1172 4095 Ed..

143 4137 224 4187 Ferri
241 4153 269 4202 p,
288 4133 351 4190 406·
379 4137 518 4184 Doara
539 4137 577 4183 ad
594 4138 660 4185 Jnrc.
684 4153 711 4200 p.
733 4152 791 4185 ton.
