2894 4986
762 413 805 476 to

325 592 407 660 Tem
430 590 511 656 benc
523 590 714 656 constitutae
730 591 825 656 aetati
844 590 1077 676 cumprimum
1098 589 1279 678 Buyliue,

279 711 402 779 sruudie
429 709 599 795 impatiens
628 709 702 787 vir,
724 709 863 777 rationes
880 711 953 776 eutis
979 731 1092 797 grener
1103 712 1279 796 cppueuit,

276 830 396 918 quibus
426 841 459 894 et
490 830 632 894 natalem
665 849 790 894 annum
821 828 1018 896 nnteoereiuc
1048 825 1103 895 01.
1137 831 1223 907 158,
1245 845 1280 896 et

277 961 420 1014 mortem
443 957 517 1031 poet
549 946 612 1016 169
639 943 694 1013 01.
716 945 860 1012 incidisse
877 947 1090 1016 contenderit.
1135 946 1185 1015 Ac
1206 948 1280 1034 pri·

276 1089 314 1133 ue
332 1065 487 1154 quidem,
512 1085 614 1150 quem
636 1063 855 1152 Hieronymus
885 1066 1021 1144 indicet,
1052 1079 1168 1132 netum
1188 1089 1275 1145 eree,

275 1187 352 1252 inde
384 1183 525 1270 probare
554 1195 713 1261 conetur,
754 1186 843 1271 quod
875 1183 1016 1271 Vellejue
1050 1183 1278 1252 Paterculue¹

274 1303 392 1370 diserte
399 1303 516 1379 nudet,
537 1322 625 1378 eum,
648 1301 710 1367 rub
733 1301 769 1369 Ρ.
781 1302 946 1382 Africano,
968 1301 1171 1370 Numantino
1185 1304 1273 1370 bello

274 1421 421 1508 equitem
461 1418 657 1486 militarium.
716 1420 841 1510 Negans
882 1420 983 1509 igitur
1012 1422 1085 1489 fieri
1114 1421 1276 1508 potuine,

275 1552 314 1604 ut
335 1538 476 1604 Lucilius
500 1559 598 1625 eques
627 1539 785 1605 meruerit
814 1541 1064 1626 quatuordecim
1094 1561 1195 1607 cunct
1215 1563 1280 1607 uc-

274 1671 349 1734 tue‚
382 1655 459 1722 enni
492 1657 606 1722 natalie
631 1655 812 1722 terminum
835 1657 1011 1724 neceeeeric
1037 1659 1277 1725 removendum

274 1775 478 1842 existimarit.
523 1773 634 1860 Quem
659 1777 727 1861 ejus
748 1776 941 1842 cententiem
967 1779 1122 1854 fuerunt,
1146 1777 1205 1863 qui
1224 1798 1278 1842 ee·

274 1907 467 1980 querentur.
512 1891 602 1979 Quin
622 1893 784 1960 rationem
819 1895 1002 1982 corrigendi
1033 1895 1096 1961 loci
1114 1893 1280 1982 Hierony·

272 2010 374 2078 miani
394 2011 455 2076 sibi
471 2009 626 2078 inveniere
649 2011 733 2078 uitur
753 2024 800 2077 eet
815 2012 1011 2092 vallarsius,
1033 2011 1280 2100 Hieronymieui

273 2127 427 2196 Chronici
450 2127 573 2204 editor,
602 2128 659 2216 qui
680 2149 741 2214 pro
761 2131 923 2194 mreitur
945 2129 1082 2215 conjecit
1102 2130 1279 2216 legendum

271 2249 430 2313 emetur
441 2249 493 2314 rel
509 2249 735 2334 agnoscitur,
759 2267 827 2313 non
843 2260 1019 2333 reputem,
1033 2269 1116 2334 quae
1135 2243 1189 2313 01.
1214 2246 1277 2311 169

271 2367 312 2432 de
333 2365 443 2430 eetetie
464 2385 570 2441 cunc,
584 2385 686 2451 quem
697 2365 839 2432 Lucilius
858 2366 986 2453 attigit,
1004 2369 1177 2454 leguntur,
1195 2387 1280 2432 con·

268 2487 412 2570 iecturce
434 2481 554 2549 oberte.
598 2481 765 2550 Praeteriit
788 2497 900 2551 eutem
911 2484 1081 2572 Brylium,
1101 2507 1141 2550 cx
1157 2485 1279 2552 Hiero-

271 2603 366 2692 uymi
399 2603 471 2668 loco
504 2618 739 2692 argumentum
769 2604 837 2688 peti
874 2625 985 2687 posce,
1014 2626 1081 2689 quc
1096 2606 1278 2671 declaretur

275 2743 343 2787 non
366 2735 489 2788 temere
506 2721 534 2786 ei
549 2722 650 2786 fidem
663 2743 727 2787 eece
748 2721 947 2800 habendam,
969 2723 1091 2810 quippe
1110 2725 1144 2788 in
1155 2743 1278 2792 recer-

270 2841 391 2908 tieeime
406 2838 548 2925 turpiter
567 2838 702 2906 erranti.
745 2838 830 2905 Nam
849 2841 1037 2906 subvertam
1063 2839 1278 2908 Numantiam

269 2961 311 3025 cd
331 2957 386 3025 Ol.
413 2959 477 3024 159
499 2959 664 3034 reserem,
691 2958 955 3043 gravissimorum
976 2959 1175 3045 ecriptorum
1195 2983 1279 3026 euc-

270 3077 394 3142 toritati
405 3079 612 3164 refragatur,
635 3075 693 3162 qui
709 3074 798 3142 urbie
821 3077 983 3142 excidium
994 3074 1049 3144 01.
1064 3079 1151 3157 161,
1176 3081 1197 3144 t
1219 3101 1279 3144 ee-

270 3195 380 3261 cidieee
402 3207 562 3262 testentur
585 3193 612 3261 ².
658 3191 847 3274 Praeterea,
869 3196 1015 3263 adhibito
1036 3195 1152 3282 Velleji
1183 3199 1274 3276 loco,

270 3312 387 3379 Lucilii
404 3313 520 3380 militie
538 3315 609 3401 jem
631 3313 748 3402 quinto
770 3313 879 3379 eetntie
896 3335 981 3380 nunc
1003 3315 1166 3399 coepisset.
1201 3312 1279 3400 Quo

269 3433 373 3520 megin
408 3434 612 3509 cavendum,
643 3455 685 3499 ne
707 3433 788 3518 quid
809 3435 1067 3518 amplectamur,
1090 3435 1182 3521 quod
1204 3456 1277 3501 non

269 3550 505 3618 accuratissime
525 3551 779 3640 pervestigatum
795 3551 848 3617 eit.

313 3668 493 3736 Audiamus
514 3667 626 3754 igitur,
650 3688 734 3753 quee
744 3669 786 3734 ed
797 3668 957 3736 tuendum
968 3681 1148 3757 utrumque
1160 3668 1278 3738 Hiero-

302 4013 429 4071 tliict.
447 4012 478 4068 11
535 4045 544 4066 .

300 4127 320 4166 ι
355 4031 1275 4185 werinherum.utv.sspre.59.1tntrop.tv,19.

270 4213 363 4283 App.
383 4207 459 4266 lber.
478 4225 523 4280 97.
