2894 4986
759 405 800 466 36

277 583 446 672 'magnum
475 582 607 669 quidem
630 579 775 666 Pompeii
797 582 1018 654 aruncrdum,
1040 581 1096 645 sed
1117 599 1157 643 ex
1180 579 1291 644 fratris

287 702 372 780 filie,
400 721 467 766 non
496 713 626 776 sorore,
657 698 751 764 luisse
784 697 964 776 contendit;
999 698 1176 762 nonenim
1198 697 1294 763 aliter

287 819 341 884 illu
374 817 524 902 explicari
548 838 638 902 posse
659 817 762 894 rerba¹
780 819 848 902 eius
867 819 907 882 de
925 815 986 884 Cn.
1012 816 1181 901 Pompeio:
1204 814 1292 880 Fun

287 938 345 1004 lte
375 939 519 1026 genitus
552 947 665 1002 melre
701 935 868 1012 Luciliu,
889 939 1032 1024 ·etirpie
1058 935 1294 1002 certaueriusL

285 1056 326 1122 ln
349 1077 450 1140 quam
471 1055 663 1122 sententiam
686 1056 842 1121 adductus
853 1055 931 1120 Ant.
955 1053 1127 1144 Augustini
1145 1055 1295 1120 animad-

287 1173 454 1256 versione,
487 1187 626 1238 matrem
662 1171 724 1239 Cn.
747 1172 894 1259 Pompeji
917 1195 956 1239 cx
986 1176 1088 1238 llutre
1113 1171 1151 1239 C.
1175 1171 1294 1238 Lucilii

286 1297 399 1376 unitae
440 1307 552 1360 nutem
587 1293 785 1359 autumantis
797 1291 824 1358 ².
869 1291 998 1361 Vossius
1044 1305 1121 1358 retu
1157 1289 1295 1358 Cerrudi

286 1413 435 1496 exemplu
463 1410 657 1486 arbitratus,
687 1432 746 1496 per
777 1409 942 1475 Lucilium
973 1415 1104 1494 poetam
1130 1409 1292 1475 Lucilium

287 1529 448 1609 familiam
492 1529 613 1593 sectam
659 1548 723 1594 csse
752 1527 966 1604 senatorium,
999 1540 1172 1612 propterea
1202 1527 1294 1610 quod

287 1647 429 1724 Lucilia,
454 1645 516 1713 Cn.
530 1644 676 1730 Pompeii
696 1657 813 1721 muter,
835 1645 995 1710 senatoria
1013 1645 1113 1730 stirpe
1124 1645 1296 1732 progenita

285 1765 369 1853 luit,
404 1765 509 1832 addit:
547 1790 563 1830 n
577 1762 663 1828 Haec
698 1785 775 1829 vcro
803 1777 960 1848 patruum
987 1762 1292 1830 hebuitLucilium

284 1887 433 1972 poetam:
471 1882 584 1950 itidem
616 1879 779 1948 Lucilium
815 1880 957 1956 dicum,
993 1899 1140 1946 sororem
1177 1885 1294 1964 potue

286 2002 421 2081 Lucilii,
463 2013 501 2067 ut
533 1998 675 2083 Lucilius
713 1996 774 2066 Cn.
810 1996 955 2082 Pompeii
990 1997 1089 2062 inerit
1116 1999 1295 2062 avunculus

285 2142 423 2208 magum
436 2118 462 2186 2.
477 2138 494 2178 u
547 2114 699 2204 Quorum
734 2116 912 2181 verborum
941 2136 1070 2180 sensum
1104 2117 1207 2180 fateor
1238 2136 1293 2180 me

285 2261 352 2305 non
386 2239 575 2325 intelligere.
621 2236 796 2300 Difficultas
831 2249 941 2300 cutem
975 2256 1058 2319 quae
1085 2235 1148 2311 sit,
1171 2235 1296 2318 perspi-

285 2374 385 2445 cuum
406 2363 465 2418 est.
494 2351 608 2416 Lucilii
639 2350 726 2416 enim
746 2371 837 2416 soror
859 2351 940 2416 inito
963 2351 1174 2416 matrimonio
1196 2351 1296 2416 Luci-

284 2471 346 2563 liue
376 2490 496 2534 nomen
527 2468 728 2552 deponebat,
752 2468 934 2536 assumebat
955 2470 1075 2556 gentile
1096 2469 1206 2536 mariti
1229 2492 1294 2536 nc·

286 2610 386 2668 rnen3
422 2607 521 2673 quare
555 2586 622 2651 filiu
654 2609 694 2650 ex
728 2587 776 2652 his
810 2587 930 2670 nuptiis
953 2601 1048 2664 irata,
1079 2607 1144 2653 non
1168 2591 1297 2672 p'oterat

288 2707 433 2801 Luciliae
467 2726 588 2771 nomen
612 2705 752 2781 habere,
783 2707 872 2792 quod
901 2705 1045 2791 Ponrpeji
1068 2707 1165 2770 matri
1200 2707 1295 2772 fuisse

285 2850 325 2924 ‘d
360 2826 486 2912 Vellejo
518 2839 652 2890 constat.
703 2823 819 2911 leque
849 2847 919 2892 rem
964 2824 1117 2890 dirimere
1146 2825 1205 2890 sibi
1237 2825 1296 2890 visi

284 2961 362 3014 suut
383 2947 595 3032 interpretes,
619 2957 814 3018 statuentes,
838 2943 953 3010 veteris
976 2943 1161 3028 interpretis
1185 2965 1298 3008 errore

285 3067 479 3152 Pompejum
504 3085 543 3129 ex
567 3062 683 3129 Lucilii
702 3083 811 3128 sorore
834 3076 1020 3128 maternum
1036 3084 1138 3149 genus
1159 3063 1297 3140 duxisse,

287 3207 393 3271 quum
424 3208 462 3249 ex
499 3187 600 3250 fratre
623 3185 691 3268 ejus
714 3197 803 3246 ortus
826 3181 888 3246 dici
912 3181 1092 3258 debuisset,
1116 3185 1206 3270 cujus
1229 3183 1298 3246 filiu

288 3304 429 3368 Lucilise
465 3324 585 3368 nonren
608 3315 764 3366 tueretur.
818 3299 1040 3364 Veruntamen
1077 3315 1144 3365 tarn
1178 3301 1297 3366 diserta

287 3436 364 3488 sunt
391 3421 575 3507 interpretis
603 3420 721 3497 verbs,
753 3434 790 3486 ut
819 3419 844 3486 si
881 3419 1032 3504 explicari
1057 3421 1123 3505 ejus
1139 3420 1299 3507 sententie

290 3542 462 3606 commode
485 3540 603 3622 possit,
627 3541 704 3604 fides
728 3539 755 3602 ei
779 3540 926 3624 neganda
949 3539 1195 3604 non-videatur.
1224 3540 1300 3604 Lu·

290 3659 361 3724 cilia
386 3679 462 3744 gens
480 3675 577 3722 'num
602 3659 709 3740 plures
732 3655 868 3722 seruilius
890 3658 1059 3739 complere
1081 3657 1140 3732 sit,
1164 3656 1300 3744 ignora·

327 3963 339 4000 ι
376 3947 453 4004 Hisl·
477 3945 523 4008 ΙΙ,
544 3963 586 4015 29.

326 4061 342 4096 α
376 4045 516 4094 Deuca
533 4043 572 4092 ad
591 4043 660 4094 Luc.
680 4043 729 4094 Fr.
748 4057 774 4106 p.
792 4057 835 4110 97.

324 4141 341 4192 3
377 4141 418 4190 D:
437 4140 531 4192 Puell.
552 4140 616 4192 ΕΗ.
638 4157 654 4205 p
685 4155 715 4192 tr
746 4137 834 4206 (Opp.
854 4137 910 4198 ΙΙΙ,
932 4135 1034 4205 1531).)
