2894 4986
769 356 810 422 58

297 537 441 602 Tantum
459 533 561 623 igitur
579 546 713 612 constat,
728 534 892 602 Lucilium
904 541 1181 624 scripturalium
1192 538 1304 606 faisse.

298 654 572 722 Animadversum
603 666 668 730 est,
691 667 865 738 perperam
884 657 1027 722 Dousam
1056 657 1198 724 attulisse
1214 658 1305 725 Var-

297 772 385 838 ronis
422 771 537 838 verba:
565 768 659 836 Nam
689 773 723 835 ie
747 777 921 862 magister
945 774 981 840 C.
1005 774 1143 841 Lucilii
1170 776 1304 864 Εἰμὶ,

295 894 419 982 generi
439 895 513 966 tui,
536 891 638 978 cujus
657 891 789 956 nobiles
804 896 992 979 pecuariae
1014 897 1054 959 in
1070 892 1218 960 Brutiie
1236 897 1306 960 lra-

297 1009 471 1087 luntur¹‚
503 1024 537 1078 et
571 1009 712 1095 Luccejs'
734 1010 844 1076 Hirri
861 1014 1035 1100 legendum
1058 1035 1132 1078 ease.
1177 1012 1305 1098 Quam-

295 1151 398 1216 quam
429 1128 572 1195 dubitari
601 1149 667 1192 non
689 1143 795 1212 potest
816 1131 980 1196 Lucilium
1004 1153 1117 1218 greges
1143 1131 1304 1198 habuisse.

294 1249 405 1334 Atque
425 1245 619 1334 intelligitur
638 1269 678 1312 ex
704 1251 776 1314 loco
800 1248 963 1315 Ciceronis
990 1265 1305 1334 supramemorato,

296 1364 481 1451 publicanis
525 1363 705 1450 scripturae
735 1365 979 1436 immunitatem
1019 1389 1202 1434 concessam
1235 1389 1307 1434 non

297 1486 414 1561 fuisse.
444 1487 500 1550 sed
528 1487 643 1550 eodem
676 1486 772 1570 jure.
796 1505 863 1571 quo
876 1484 996 1570 privati
1019 1486 1220 1562 utebantur,
1242 1490 1307 1552 ad-

294 1601 414 1690 stringi
439 1601 521 1669 vises
546 1623 620 1668 este.
667 1602 743 1669 Asia
776 1618 887 1669 autem
923 1604 1041 1681 minor,
1060 1625 1154 1690 quae,
1173 1618 1307 1690 praeter

298 1719 548 1789 meridionalem
568 1733 719 1804 partem,
747 1720 900 1798 Pontum,
922 1721 1163 1807 Cappadociam
1181 1735 1217 1788 ct
1239 1722 1307 1788 Ga-

298 1840 423 1917 latiam,
437 1838 540 1904 Attali
556 1837 754 1904 haereditate
773 1839 940 1923 provincia
964 1841 1113 1906 Romana
1138 1844 1225 1908 sacta
1235 1856 1309 1907 erat

299 1959 366 2024 624
391 1956 509 2048 (130),
533 1956 678 2022 maxime
699 1958 810 2041 opima
831 1970 902 2022 erat
924 1958 1037 2046 regio,
1061 1981 1145 2044 quae
1162 1959 1308 2024 etuber-

297 2091 363 2144 tate
394 2097 554 2166 agrorum
582 2090 616 2142 et
636 2077 789 2142 varietate
817 2079 987 2143 fruetuum
1011 2090 1044 2142 et
1077 2076 1308 2164 magnitudine

297 2199 449 2283 partionis
476 2209 509 2264 at
527 2196 739 2262 multitudine
756 2218 871 2262 carum
896 2214 1009 2264 rerum
1030 2219 1115 2283 quae
1131 2209 1309 2282 exportan-

299 2331 373 2393 tur,
397 2314 492 2382 iacile
518 2314 671 2380 omnibus
691 2315 786 2380 terris
807 2315 1020 2380 antecellebat
1032 2315 1060 2382 2.
1104 2315 1221 2401 Itaque
1242 2318 1309 2381 hoc

299 2434 389 2499 vario
419 2431 542 2499 reditus
575 2453 712 2518 genere,
757 2435 846 2517 quod
871 2432 1039 2511 decumis,
1072 2434 1236 2519 scriptura
1272 2448 1309 2500 et

299 2551 446 2647 portorio
460 2550 648 2624 constabat,
675 2563 712 2614 ut
736 2549 902 2615 civitatem
922 2552 1107 2617 Romanam
1127 2551 1310 2620 incredibi-

299 2671 374 2736 liter
396 2671 626 2754 locupletatam
643 2665 812 2745 novimus,
824 2669 869 2735 ita
885 2691 991 2754 neque
1015 2692 1053 2736 ea
1070 2669 1310 2737 redimentibus

299 2787 481 2875 publicanis
511 2791 598 2854 male
627 2790 812 2854 consultum
833 2801 922 2882 erat,
944 2788 1067 2874 quippe
1080 2789 1137 2876 qui
1161 2789 1310 2876 ingentes

300 2907 427 2974 divitias
445 2906 521 2972 inde
539 2910 755 2972 lucrarentur.

343 3025 599 3092 Publicanorum
624 3025 659 3088 in
680 3024 755 3090 Asia
776 3025 919 3091 societati
943 3023 1103 3110 quamdiu
1124 3024 1308 3091 adhaoeerit

306 3143 461 3221 Lucilius,
486 3143 684 3229 ignoramus.
729 3141 852 3206 Pariter
872 3141 1034 3208 incertum
1052 3155 1115 3219 est,
1138 3165 1207 3230 quo
1223 3157 1310 3209 tem-

302 3283 382 3346 pore
411 3261 473 3328 iter
504 3263 539 3328 in
562 3258 729 3339 Siciliam,
758 3263 847 3346 quod
870 3261 936 3344 ipse
957 3262 1149 3347 descrimit,
1178 3261 1309 3328 lecerit.

305 3379 406 3464 Cujus
442 3381 487 3444 rei
512 3380 709 3444 memoriam
732 3377 873 3444 servavit
897 3394 1154 3446 commentator:
1180 3407 1198 3446 a
1212 3381 1311 3445 Luci-

304 3501 364 3564 lius
399 3499 484 3562 libro
515 3501 612 3564 tertio
632 3496 802 3583 descripsit
822 3499 884 3562 iter
902 3520 999 3563 suum
1021 3502 1110 3584 quod
1131 3499 1237 3564 Romi
1263 3502 1310 3563 le-

337 3855 350 3890 ι
386 3837 698 3904 Adclamatur
732 3842 856 3894 Varro
873 3843 905 3894 de
920 3835 1307 3906 R.R.11,r.cl.0rell.

313 3939 411 3987 onom.
434 3932 510 3987 rull.
525 3951 555 4001 p.
573 3932 649 3989 562¹».

341 4049 358 4084 a
395 4033 470 4089 Cic.
495 4048 549 4101 pro
575 4031 630 4103 leg.
648 4036 732 4092 Man·
751 4034 777 4088 6.
795 4034 840 4085 Cl.
867 4037 1123 4090 Burmannde
1143 4038 1265 4108 vectigg.
1281 4053 1314 4106 p.

309 4133 390 4184 Rom.
407 4147 436 4197 p.
452 4127 500 4194 dt,
517 4126 562 4181 58.
