2888 4972
598 389 662 450 255

123 569 245 658 singrdi
275 566 363 632 nacti
382 569 535 642 luerunt,
555 587 574 629 a
593 565 815 652 grammaticis
838 567 1030 641 laudentur,
1054 587 1135 651 quos

124 699 252 754 constat
283 685 445 750 librorum
477 695 608 746 tantum
629 701 808 746 numerum
830 683 992 749 indicasse.
1037 681 1135 769 Quosl

125 803 345 888 seropraster
363 801 521 866 Aelium
543 798 743 864 Stilonem
769 813 802 863 st
822 801 849 863 F
855 801 1034 877 undium‚
1054 823 1137 886 quo-

125 943 203 989 rum
219 919 407 986 nominibus
427 917 570 1003 singulos
579 917 679 980 libros
691 917 869 1000 inscripsit,
892 915 1085 982 Albinum
1102 921 1137 983 in

126 1039 257 1104 virtutis
275 1036 465 1102 definitione
477 1033 734 1118 compellarit1‚
758 1056 824 1098 non
842 1037 1140 1102 movetdifficulta-

126 1169 208 1221 tem.
253 1153 338 1218 Nam
373 1173 480 1237 quum
497 1175 536 1216 ex
563 1153 625 1216 ulio
648 1165 845 1238 argumento
867 1153 976 1218 subito
993 1157 1034 1219 ad
1050 1157 1137 1220 aliud

127 1271 300 1348 transiret,
336 1275 462 1338 lactum
497 1272 644 1347 ridetur,
669 1285 706 1335 ut
726 1283 827 1354 prout
850 1274 1036 1359 argumenti
1055 1276 1139 1339 ratio

126 1413 204 1456 eum
231 1401 401 1463 moneret,
425 1409 478 1464 ea,
503 1409 587 1471 quae
609 1388 790 1465 scriberet,
814 1390 974 1456 amisisse
996 1392 1139 1457 familio-

126 1509 218 1573 ribus
234 1507 409 1572 deliraret.
455 1505 544 1570 Nihil
567 1527 643 1572 vero
663 1507 739 1570 binc
762 1508 922 1584 efficitur,
946 1530 1013 1594 quo
1030 1525 1139 1576 nostre

127 1630 168 1694 de
198 1626 353 1708 bipartita
383 1624 534 1690 carminis
559 1624 714 1690 divisione
733 1626 892 1690 sententia
915 1629 1139 1709 perturbetur.

177 1743 307 1810 Verum
332 1742 522 1807 dubitatum
535 1763 599 1806 esse
614 1742 780 1820 videmus,
801 1766 843 1808 an
854 1765 936 1829 opus
946 1747 1061 1812 Lucilii
1075 1770 1143 1812 un-

128 1883 232 1948 quam
255 1864 451 1948 triginta
471 1861 560 1924 libris
579 1860 796 1943 compositum
811 1863 921 1926 luerit.
945 1864 1076 1929 Etenim
1090 1870 1142 1930 le·-

126 1982 219 2068 ffitttr
242 1983 329 2064 apud
352 1979 561 2044 Varronem:
586 2005 603 2043 «
618 1979 848 2044 Loeanaturae
859 1985 1039 2046 secundum
1052 1987 1143 2050 anti·

128 2119 231 2184 quam
262 2098 451 2163 divisionem
473 2097 581 2179 prima
611 2098 696 2172 duo,
721 2099 848 2160 caelum
872 2111 905 2162 et
931 2112 1029 2164 terra.
1048 2135 1093 2152 ·-
1111 2105 1142 2168 A

126 2237 196 2302 qua
230 2216 385 2299 bipartita
412 2215 567 2280 divisione
598 2213 768 2278 Lucretius
805 2235 941 2292 suorum
978 2220 1072 2284 unius
1110 2234 1143 2286 et

129 2335 248 2422 viginti
273 2333 437 2398 librorum
460 2333 592 2396 initium
619 2332 797 2397 fecithoc:

174 2452 340 2520 Aetheris
363 2463 394 2515 st
419 2463 534 2516 terrae
552 2449 748 2539 genitabile
761 2473 923 2537 quaere-re
935 2464 1079 2540 tempus.
1092 2476 1109 2514 n
1123 2454 1140 2504 ²

130 2573 275 2640 Lucretii
302 2591 437 2638 carmen
458 2591 563 2654 quum
586 2591 641 2634 sex
667 2570 756 2634 libris
779 2583 927 2648 constet,
951 2593 1011 2636 nec
1033 2576 1142 2655 plures

127 2691 413 2776 comprehendisse
426 2701 609 2764 cernentur,
622 2701 810 2770 suspectum
824 2689 1055 2770 interpretibus
1070 2693 1142 2756 Ln⁴

128 2810 254 2878 cr'etii
274 2829 397 2874 nomen
409 2805 483 2872 suit.
504 2806 576 2871 Jem
592 2805 794 2884 Lambinus,
808 2803 983 2896 Scaliger,
998 2807 1143 2895 Gsfuae

129 2953 173 2994 su
194 2940 389 3010 corruptum
408 2947 473 2990 esse
491 2924 641 3008 suspicati
656 2937 751 3000 suut,
776 2937 809 2987 et
830 2924 1036 2990 Lucilium
1048 2950 1144 3012 repes

129 3059 277 3114 suerunt.
303 3043 440 3127 Recepit
459 3027 659 3108 inVnrrouis
673 3055 799 3106 textum
813 3041 1005 3119 Milites-us,
1026 3047 1144 3111 ductus

130 3165 249 3232 crebra
269 3164 403 3228 illorum
423 3160 598 3226 norninum
609 3160 815 3234 confusione,
839 3177 940 3244 qnam
961 3165 1049 3244 opud
1062 3185 1143 3227 eun-

129 3285 208 3348 dem
241 3295 409 3347 auctorem
444 3279 572 3354 LVII,
599 3281 642 3342 94
676 3277 840 3343 iudicarit.
886 3279 1034 3346 Docuere
1067 3283 1147 3362 alii,

129 3399 277 3466 Lucretii
313 3399 516 3464 mentionem
547 3419 565 3461 a
599 3397 746 3460 Varrone
775 3396 847 3460 fieri
882 3417 947 3460 uon
979 3400 1145 3482 potuisse,

130 3521 255 3604 quippe
292 3519 370 3602 qui,
407 3516 594 3602 aequalium
627 3514 816 3580 testimoniis
846 3536 920 3580 raro
941 3517 988 3582 uti
1013 3521 1145 3597 solitus,

130 3637 336 3711 Lucretium,
350 3639 423 3719 plus
438 3635 551 3722 viginti
569 3634 660 3698 annis
672 3633 740 3716 ipso
754 3633 935 3710 minorem,
950 3649 1063 3701 testem
1077 3658 1144 3701 non

130 3755 341 3830 adhibuerit,
379 3775 484 3836 neque
515 3756 582 3835 ojus
612 3773 747 3816 carmen
773 3754 1025 3826 memoraverit,
1051 3757 1141 3835 quod

129 3935 402 3949 -—-——-

167 4051 178 4088 s
218 4033 287 4100 Snp.
307 4051 334 4096 p·
351 4033 396 4094 sl.
418 4035 476 4086 161.

167 4151 183 4186 2
221 4133 262 4180 De
283 4132 358 4183 [ab
391 4129 426 4190 V,
451 4145 493 4199 17.
