2860 4974
612 415 672 477 117

180 593 272 657 Alter
295 592 441 656 licentiae
453 594 569 680 modas
590 607 637 658 est
653 592 847 656 subtractio
860 594 984 656 literae
1006 616 1043 668 a,
1058 613 1154 677 qno*

134 712 192 776 ties
217 711 333 776 ultima
344 724 423 775 esset
436 711 562 796 aliaque
576 727 769 777 consonante
780 713 1005 796 susciperetur.
1031 711 1161 796 Quam.

134 830 287 904 literam,
309 842 346 893 ut
367 851 387 893 a
408 827 663 914 Quintiliano
686 831 913 914 aecipimus1,
938 853 978 895 ne
994 832 1151 896 scriben-

133 951 211 1013 dam
244 948 378 1033 quidem
405 949 439 1012 iu
461 949 638 1014 verborum
670 952 735 1014 fine
768 961 926 1033 putarunt
958 947 1092 1014 Seruius
1113 959 1151 1013 ee

135 1066 285 1145 Messala3
318 1089 461 1152 quorum
494 1065 548 1132 ille
582 1069 729 1151 primum
752 1070 882 1133 videtur
905 1069 1088 1143 induxisse,
1111 1083 1148 1130 ut

133 1191 330 1252 auferretur.
388 1184 426 1251 C.
461 1185 625 1252 Mariua
657 1185 1142 1252 MaximinusVietori-

134 1327 228 1369 nus:
268 1303 436 1370 «Videtur
473 1305 622 1388 plurimis
653 1327 718 1370 esse
752 1307 884 1392 quintus
918 1307 1151 1371 cornnmaium

133 1425 334 1512 syllabarum
356 1426 495 1500 modus,
513 1425 569 1508 qui
591 1427 676 1508 apud
699 1425 862 1490 Lucilium
884 1439 1049 1489 etueteres
1062 1429 1149 1490 mul·

135 1557 181 1608 toa
217 1555 265 1608 eat
298 1545 544 1626 frequentatur,
567 1555 605 1606 ut
629 1555 780 1626 correpta
800 1544 917 1607 vocalis
937 1545 1061 1607 desinat
1078 1544 1111 1606 in
1133 1565 1160 1606 sa

136 1675 168 1726 et
188 1661 372 1745 excipiatur
396 1660 437 1726 ab
458 1661 520 1727 alia
542 1677 740 1726 consonante
759 1665 810 1726 vel
830 1664 930 1727 vocali
952 1667 1150 1727 lucacense·

136 1778 244 1844 nantis
269 1779 390 1863 posita,
421 1793 459 1845 ut
477 1793 524 1844 est
541 1779 623 1844 illud
646 1781 792 1869 (Lucret.
814 1779 874 1866 IV)

139 1899 257 1987 Quare
269 1902 375 1964 etiam
388 1909 493 1985 atqua
505 1903 614 1964 etiam
626 1899 703 1964 dico
721 1911 768 1963 ert
782 1903 964 1964 eornmuni'
978 1901 1148 1986 volumtas.

139 2019 180 2084 Et
208 2016 292 2082 item
319 2017 436 2106 (Lucil.
462 2021 504 2082 fr.
528 2018 592 2082 inc.
618 2015 721 2105 llll:
787 2039 790 2050 ·

447 2173 493 2184 -
514 2135 697 2225 efflamque
719 2137 825 2199 elutis
842 2135 983 2198 naribu'
1009 2137 1126 2200 lateant.

139 2253 205 2319 Hae
240 2255 381 2342 syllabae
420 2275 481 2338 pro
513 2251 668 2318 brevibus
697 2257 786 2338 apud
805 2267 945 2328 veteres,
965 2275 1025 2336 pro
1043 2255 1160 2341 longis

139 2395 216 2438 vero
240 2376 329 2456 apud
356 2393 469 2437 ornnes
493 2386 662 2456 ponuntur
672 2371 699 2438 ².
715 2393 732 2434 n
786 2373 900 2437 Idem:
947 2371 1151 2457 «Liquentes

141 2494 250 2558 literae
276 2505 354 2558 aunt
382 2505 523 2576 quatuor
544 2495 576 2568 l,
595 2515 649 2567 m,
668 2515 710 2568 n,
730 2513 756 2557 r.
782 2490 958 2577 Liquentes
983 2513 1059 2557 vero
1079 2493 1164 2557 ideo·

140 2611 318 2687 dicuntur,
343 2612 432 2695 quod
454 2611 560 2675 fluant
585 2625 618 2675 et
642 2609 738 2695 quasi
764 2611 946 2687 intereant,
969 2599 1153 2675 dumeon·

138 2743 321 2816 sequuntur
349 2729 494 2813 aliquam
523 2728 656 2793 brevem
683 2729 841 2816 syllabam
859 2751 937 2794 eum
958 2721 1069 2814 quavis
1086 2732 1148 2794 alia

142 2860 354 2914 consonante„
372 2844 459 2912 Stant
477 2859 588 2912 autem
612 2841 748 2932 duplicis
773 2849 946 2934 potentiae.
970 2848 1056 2914 Nam
1077 2853 1153 2912 loa-

141 2989 217 3056 gam
242 2966 403 3053 syllabam
434 2965 593 3049 positione
622 2969 728 3032 facere
752 2981 906 3051 possunt,
935 2968 961 3033 si
983 2969 1027 3032 ita
1050 2973 1164 3050 poeta»

143 3085 308 3161 uoluerit,
334 3096 368 3148 et
387 3083 521 3150 brevem
543 3107 608 3148 nun
631 3089 828 3168 producunt.
874 3085 972 3170 Quod
990 3087 1063 3149 dico
1077 3087 1153 3148 *ltu-

140 3203 286 3288 jusmodi·
306 3215 354 3267 est
377 3205 587 3286 exemplum,
609 3218 647 3268 ut
659 3206 712 3268 hie
736 3204 879 3269 Lucretii
899 3225 1006 3268 versus
1020 3222 1081 3269 -.“
1098 3204 1156 3269 sia

143 3323 263 3388 militer
277 3320 419 3385 Lucilius
436 3322 500 3385 ait:
526 3321 556 3386 T
552 3345 612 3386 um
631 3321 794 3386 lateralis
811 3323 920 3398 dolor,
935 3326 1154 3388 certissimus

143 3443 293 3506 saneim
324 3442 452 3504 mertia
472 3461 533 3522 pro
563 3440 650 3506 Tum
676 3441 834 3504 laterali'
851 3441 970 3518 dolor,
995 3437 1158 3507 certissi-

145 3565 211 3628 mu’
246 3563 389 3626 nune&
420 3563 557 3624 mortis.
604 3559 657 3628 Sic
678 3561 816 3627 habetur
836 3563 927 3646 quasi
948 3563 1170 3628 strbtaautial.

178 3897 190 3931 r
230 3877 300 3946 Sup.
317 3896 345 3945 p.
364 3877 409 3931 83·
444 3877 488 3931 cl.
510 3881 584 3933 Cic.
613 3880 749 3936 Orati&
836 3875 838 3884 ’

181 3997 197 4032 2
231 3977 300 4029 Art.
335 3977 628 4045 Grammldesyll.
653 3969 962 4052 -Luc.sr.inc.rrr.
992 3977 1158 4044 Descripta

149 4073 230 4143 bajus
255 4081 285 4125 et
312 4073 430 4140 proximi
457 4073 554 4142 scripti
584 4075 619 4128 cs.
651 4077 768 4129 Osann
789 4079 885 4163 Beytr.
908 4094 930 4128 z.
956 4075 1004 4129 Gr.
1024 4096 1052 4129 u.
1071 4079 1157 4128 Reuss

151 4171 259 4226 anal
276 4206 284 4238 ,
304 4169 370 4243 5734
