2894 4986
791 360 832 420 50

311 523 517 625 ligentissime
541 549 702 611 uersatus,
730 550 766 600 ut
792 537 869 622 legis
891 537 1029 602 Tlroriae
1051 541 1235 625 fragmenta
1255 561 1310 604 uo·

311 657 360 721 his
394 677 518 720 essese
535 658 793 730 demonstraret,
825 677 909 741 quae
932 656 1063 723 exhibet
1084 679 1182 723 aenea
1203 658 1313 724 tabula

312 777 345 839 in
374 774 489 840 Museis
510 773 752 841 vindobonensi
775 787 809 838 et
830 773 1040 858 Neapolitano
1052 789 1187 844 serrata.
1222 774 1312 862 Quae

207 953 208 957 ,
311 893 485 977 disputatio
507 907 545 957 ut
564 913 720 979 magnam
737 891 834 956 habet
845 893 964 980 ingenii
974 894 1150 980 judiciique
1161 897 1315 972 laudem,

312 1014 357 1080 ita
377 1034 443 1077 non
466 1011 617 1076 omnibus
636 1010 797 1076 satisfecit.
832 1011 984 1077 Dissensit
1016 1013 1104 1076 euim
1127 1013 1316 1097 nuperrime

313 1133 354 1196 ab
375 1153 413 1196 eo
432 1131 474 1196 G.
494 1131 664 1206 Zeiss¹,
688 1131 747 1216 qui
765 1130 962 1196 Rudcrll'um
983 1130 1172 1218 diligentem
1182 1131 1315 1196 illorum

314 1251 392 1337 legis
410 1249 554 1336 agrariae
565 1252 827 1336 fragmentorum
850 1251 1063 1340 interpretem
1074 1252 1226 1327 laudans,
1238 1273 1315 1316 eum

314 1389 391 1432 cum
421 1369 461 1431 de
480 1367 667 1454 legislatoris
689 1368 819 1433 consilio
839 1368 1001 1452 totiusque
1029 1369 1108 1456 legis
1133 1370 1201 1432 fine
1217 1369 1317 1434 aber·

314 1507 408 1562 rasse,
420 1497 505 1562 tum,
519 1506 692 1570 perperam
712 1485 860 1552 restituto
883 1484 1012 1551 Baris·
1031 1488 1175 1564 nomine,
1188 1487 1318 1553 tabulae

316 1607 500 1690 fragmenta
519 1605 604 1668 male
632 1606 673 1668 ad
688 1607 917 1690 posteriorem
940 1604 1080 1689 Appiani
1100 1609 1207 1693 legem
1230 1620 1318 1671 retu·

316 1723 385 1788 lisse
403 1722 583 1808 judicarit,
605 1743 712 1807 quum
733 1723 808 1788 siue,
824 1723 926 1788 dubio
948 1727 989 1789 ad
1006 1728 1318 1812 prioremrelereu-

317 1845 358 1906 da
380 1856 492 1906 essent.
527 1841 643 1926 Itaque
662 1843 885 1927 quaerendum
904 1855 969 1919 est,
993 1865 1098 1928 quum
1122 1865 1174 1908 rer
1194 1844 1229 1910 iu
1251 1844 1321 1908 dis-

318 1960 532 2044 ceptationem
566 1959 711 2037 uenerit,
742 1959 845 2024 utrius
868 1961 1027 2026 sententia
1046 1965 1260 2044 praeferenda
1273 1962 1321 2026 vi-

317 2082 444 2146 deatur.
467 2078 660 2163 Suspectum
682 2077 809 2142 Boris'
820 2099 942 2143 nomen
959 2100 1041 2154 esse,
1055 2079 1320 2166 nemonegaldt,

319 2199 376 2284 qui
386 2181 595 2281 posteriorem
607 2197 778 2262 tribunum
791 2197 950 2262 Thorium
964 2196 1060 2262 fuisse
1069 2198 1321 2268 annumerent:

320 2329 418 2403 auget
437 2337 513 2382 vcro
534 2315 750 2398 corruptionis
762 2315 976 2398 suspicionem
990 2317 1207 2398 praenominis
1229 2314 1323 2404 Spu*

321 2438 386 2500 rii
407 2434 583 2500 similitudo
596 2479 605 2509 ,
617 2435 706 2518 quod
715 2433 810 2498 borio
827 2445 860 2497 et
877 2433 1000 2499 Thorio
1014 2455 1191 2500 commune
1204 2437 1323 2512 fuerit,

321 2565 472 2638 recteque
501 2551 731 2616 animadvertit
763 2551 866 2627 Zeiss,
888 2552 914 2615 si
933 2573 969 2618 re
987 2574 1063 2618 vera
1081 2554 1249 2620 exstitisset
1272 2558 1325 2620 lex

322 2673 438 2750 Boria,
472 2691 602 2755 prorsus
628 2671 752 2734 mirum
777 2670 897 2746 videri,
920 2671 1046 2736 silentio
1065 2693 1137 2742 earn
1152 2673 1186 2738 in
1206 2673 1327 2740 tabulis

322 2790 605 2878 praetermissam,
631 2791 722 2874 cujus
738 2810 805 2853 non
827 2789 936 2854 minor
959 2804 1038 2855 esset
1061 2791 1200 2878 gravitas
1222 2813 1326 2877 quam

324 2925 505 2976 ceterarum
527 2911 649 2994 legum,
674 2928 758 2992 quae
782 2907 869 2972 iniis
893 2922 1119 2974 memorentur
1130 2908 1157 2976 ².
1202 2908 1328 2995 Quodsi

324 3051 400 3096 vero
416 3028 498 3094 ratio
515 3029 647 3102 suadet,
672 3039 710 3090 ut
736 3025 885 3110 Appiano
907 3024 1019 3090 Thorii
1044 3028 1327 3094 nomenrestitua·

326 3164 404 3226 tur,
434 3147 563 3236 gravior
591 3145 759 3209 difficultas
780 3145 885 3209 oritur
908 3147 948 3208 de
974 3146 1136 3212 contraria
1156 3145 1328 3232 utriusque

324 3268 491 3335 sententia.
536 3263 778 3348 Simplicissimc
803 3283 876 3328 eam
893 3263 948 3328 ille
962 3265 1090 3328 sustulit
1108 3280 1330 3352 argumento,

325 3399 489 3460 statuens,
520 3388 590 3470 lege
619 3404 677 3447 sua
707 3380 866 3446 Thorium
898 3384 1108 3468 optimatum
1126 3403 1193 3448 non
1219 3383 1332 3450 minus

330 3526 431 3590 quam
450 3503 564 3590 plebis
585 3523 695 3568 causae
731 3503 838 3564 favere
856 3498 1041 3582 cupientem
1064 3501 1265 3584 prohibuisse
1288 3525 1330 3568 ne

327 3623 460 3686 illorum
481 3621 652 3706 quisquam
674 3622 857 3703 plusquam
881 3619 1059 3705 quingenta
1068 3621 1185 3705 jugera
1206 3619 1331 3703 publici

330 3741 400 3829 agri
413 3739 546 3805 haberet
562 3783 571 3816 ,
588 3759 672 3823 quae
692 3751 802 3800 tamen
824 3737 890 3820 ipsa
911 3736 1037 3819 privata
1060 3739 1143 3802 facta
1165 3736 1198 3800 in
1222 3738 1332 3802 domi-

329 3955 456 3966 ...-.-.-..--
469 3954 515 3961 -ο-
527 3951 606 3960 --ι-

365 4077 376 4114 ι
415 4061 456 4108 Dr
473 4057 531 4124 Iege
553 4055 666 4107 Thoria.
685 4051 791 4104 vinear.
812 4053 889 4106 stlte.

363 4175 378 4210 n
413 4175 440 4222 p·
460 4171 501 4208 rs.
