2860 4974
758 345 821 406 154

282 523 496 595 inclinamus,
533 533 571 584 ut
598 531 770 603 putemus,
802 519 1036 602 interpolatum
1060 541 1125 584 esse
1157 519 1300 584 Aesonis

283 643 412 714 locum,
435 637 575 720 indeque
597 637 785 718 pellendum
807 633 1019 702 Prisciauum.
1065 635 1150 702 Nam
1171 637 1218 702 sio
1242 639 1302 700 le·
1409 715 1410 730 χ

282 757 391 844 gitur:
425 778 510 822 s-
532 752 596 820 Sed
622 755 802 820 secuudum
831 753 1033 822 Priscianum
1053 775 1186 820 oroneo
1205 753 1304 818 venit

283 876 325 940 ab
346 894 466 950 oreos,
489 873 580 956 quod
602 891 692 936 nuno
715 871 856 936 dicimus
878 871 999 949 adsto,
1022 885 1056 937 et
1075 871 1301 956 oompositum

284 1014 324 1058 ex
344 991 392 1056 nd
410 989 645 1076 praepositione
664 991 761 1054 etoio
773 989 897 1066 verbo,
921 992 1013 1075 quod
1031 1003 1079 1054 est
1102 1009 1194 1066 voco,
1218 989 1302 1074 qnia
1410 965 1411 980 ¹

286 1109 413 1194 antiqui
438 1105 590 1174 dicebant
616 1129 661 1170 or
693 1124 755 1190 pro
778 1105 835 1172 od.
855 1127 874 1168 »
921 1106 1014 1193 Quae
1036 1109 1104 1192 ipsa
1126 1107 1226 1173 verba
1248 1105 1303 1172 ita

239 1197 253 1210 .
285 1231 442 1313 leguntur
461 1227 549 1308 apud
561 1223 782 1290 Priscianum:
808 1250 827 1290 «
842 1262 884 1276 -
896 1224 993 1293 Unde
1004 1225 1201 1301 ostenditur,
1221 1247 1303 1290 ree-

287 1353 320 1410 te
329 1363 463 1408 arcesso
475 1339 539 1406 dici
551 1341 593 1405 ab
604 1344 703 1405 oret'o
716 1340 828 1418 verbo,
841 1345 929 1426 quod
942 1363 1030 1408 nune
1041 1346 1137 1408 aecio
1148 1342 1304 1418 dicimus,

287 1460 368 1546 quin
389 1473 496 1524 estex
518 1457 566 1522 od
588 1471 621 1525 et
640 1460 694 1523 oio
707 1459 927 1542 oompositum
941 1459 1000 1526 ¹.»
1025 1459 1173 1544 Apparet
1195 1481 1302 1546 quam
1412 1515 1413 1520 ,

287 1577 426 1644 absurde
451 1598 542 1640 nuno
565 1578 654 1659 apud
676 1577 841 1640 doronem
863 1590 1005 1660 ponatur
1020 1623 1028 1654 ,
1041 1579 1131 1660 quod
1148 1578 1302 1642 festinans

291 1695 442 1760 librarius
461 1713 528 1757 non
546 1694 684 1759 curavit.
719 1691 817 1758 Haud
845 1691 949 1779 igitur
980 1709 1105 1761 temero
1131 1694 1299 1760 Acronetn

290 1811 466 1882 Chariaio²
490 1825 524 1880 et
545 1810 707 1880 Prisciano
726 1813 947 1898 antiquiorem
971 1815 1066 1882 fuisse
1087 1815 1262 1880 statuimus
1274 1815 1301 1882 ³.

333 1933 431 1998 Plura
458 1931 593 2016 quidem
618 1933 741 1996 dehac
769 1932 958 2016 quaestione
973 1933 1115 2016 proferri
1135 1954 1225 2017 posse
1247 1937 1303 1998 de·

288 2071 395 2136 spero.
442 2049 612 2126 Ultimus,
636 2070 739 2134 quern
760 2047 912 2115 novimus
941 2050 1057 2116 Lucilii
1078 2048 1187 2117 secisse
1206 2074 1302 2118 men·

290 2169 433 2244 tionem,
470 2165 600 2235 videtur
630 2189 696 2232 esse
725 2165 828 2232 Beda
850 2167 1151 2234 venerabilia.
1184 2169 1301 2244 Primi,

290 2287 410 2372 quibus
433 2308 453 2350 a
474 2286 593 2351 renatis
621 2285 721 2350 literis
740 2285 887 2369 disjectus
900 2287 1072 2373 naufragio
1092 2287 1219 2354 tabulas
1240 2290 1303 2354 ool·

291 2405 393 2490 ligere
415 2425 511 2469 curae
531 2400 614 2480 fuit,
638 2402 741 2469 Roh.
765 2401 1014 2488 Stephanus
1033 2420 1066 2470 et
1089 2405 1303 2472 Henrious

295 2525 379 2590 filius
399 2519 550 2590 censendi
572 2534 670 2600 aunt,
694 2523 751 2608 qui
777 2545 828 2590 ess
850 2525 1056 2590 inseruerunt

340 2642 439 2708 1564.
483 2637 712 2726 Fragmentia
738 2639 853 2707 Poste.
888 2655 968 2708 vett.
1005 2642 1098 2708 Lon.
1138 2643 1238 2708 Paris.
1269 2644 1299 2707 8.

295 2759 343 2847 (p.
373 2753 561 2840 151-214)
575 2755 601 2821 ⁵.

390 2871 469 2938 Hujus
484 2877 563 2934 opens
578 2876 733 2936 exemplum,
750 2889 824 2924 nanu
841 2873 921 2926 Dton.
938 2884 964 2926 et
976 2875 1036 2928 Jao.
1058 2875 1212 2938 Gotuotiedt
1226 2891 1304 2926 eursu·

359 2973 445 3020 datum
472 2975 497 3020 tt
513 2971 670 3032 suppletum,
688 2976 767 3018 exstat
791 2973 817 3019 tn
834 2973 900 3020 sint.
916 2975 1000 3022 senat.
1016 2975 1082 3034 ttps.
1099 2975 1173 3022 Aliud
1189 2987 1261 3022 manu
1277 2969 1304 3019 J.

360 3063 465 3114 Dousae
481 3067 635 3114 emendatum
652 3067 677 3114 in
693 3067 759 3115 unt.
785 3067 862 3132 Lugd.
877 3068 933 3116 But.
1052 3139 1054 3142 Ι

334 3257 346 3292 t
383 3237 452 3293 Vid.
474 3239 644 3308 Suring·
664 3237 769 3292 detuli.
789 3241 857 3291 Lat.
875 3237 944 3302 111,
963 3255 993 3305 p·
1011 3239 1050 3303 8,
1069 3241 1112 3296 26.

334 3353 351 3388 2
386 3332 1307 3404 sosipatrumCharisiurn,l’riscianoantiquio-

299 3449 379 3496 rem,
405 3438 520 3482 exeunte
547 3431 640 3484 scenio
670 3437 769 3500 quarto
802 3437 830 3482 et
848 3432 958 3483 ineunte
977 3432 1075 3501 quinto
1094 3433 1218 3486 floruisse
1237 3437 1307 3484 recte

301 3529 456 3596 suspicatus
473 3537 514 3579 est
532 3531 638 3582 osan
649 3547 668 3580 n
686 3529 784 3596 Beytr.
805 3547 831 3582 ι.
848 3530 908 3580 nis.
927 3528 954 3582 ΙΙ
973 3547 1000 3595 p.
1018 3530 1081 3582 sto.

335 3625 353 3676 5
391 3625 737 3693 Surin30eod.p.29.

333 3721 352 3777 d
387 3723 431 3774 Do
447 3729 513 3772 orte
530 3722 648 3772 metrica
673 3719 762 3790 (Opp.
781 3721 817 3786 1,
837 3723 881 3793 37.
906 3721 1006 3775 Coion.
1027 3724 1117 3792 stira).
1153 3721 1306 3775 Putscd

306 3825 428 3874 Gratum.
458 3819 539 3868 uass.
558 3826 627 3871 vett.
646 3833 673 3884 p.
694 3817 771 3890 2373.
809 3821 852 3870 De
870 3819 996 3889 orthogr.
1014 3837 1041 3887 p.
1060 3819 1105 3873 55.
1124 3819 1201 3892 ²77⁸·
1229 3819 1311 3870 uter-

304 3933 356 3985 que
374 3914 451 3968 loeus
474 3931 507 3966 ex
528 3915 725 3967 Charisii
741 3915 882 3970 detumtus
901 3919 977 3972 lost.
1000 3921 1047 3970 Gr.
1068 3918 1080 3968 Ι
1099 3917 1179 3986 p.fio
1197 3911 1280 3984 etpi.

252 4044 257 4052 ·
336 4011 355 4065 δ
389 4009 628 4069 emostis.
655 4012 1311 4084 Bibldtas.tp.667.1³ers.eslut·en.

309 4113 373 4163 Sat!
409 4105 461 4162 Ed.
482 4107 542 4174 Bip.
564 4109 630 4178 nyss
650 4127 675 4177 p.
698 4107 777 4162 tvl.
