2894 4986
634 420 676 482 67

153 597 295 663 maxime
330 597 413 663 vitae
438 601 615 674 fortunam,
641 619 723 683 quae
747 618 916 683 prosperae
949 601 1156 666 vehementer

154 716 306 781 offecisset
334 716 567 802 naufragioque
603 717 711 781 luisset
736 717 869 793 similis,
903 717 1023 802 scripto
1056 740 1155 783 man-

154 838 250 899 dasse.
283 832 392 919 Quare
412 835 505 900 unice
528 835 632 919 probo
653 845 796 899 cesserat
819 856 880 919 pro
888 849 1055 924 gesserat,
1067 841 1156 922 qnod

154 967 265 1018 tamen
281 967 357 1018 suut
374 953 430 1038 qni
455 967 620 1020 tueantur.

195 1069 289 1157 Quae
321 1073 345 1137 si
368 1070 579 1156 probabiliter
601 1073 852 1157 disputaverim,
876 1096 1000 1140 necesse
1021 1089 1068 1140 est
1088 1089 1157 1140 sta·

154 1204 308 1268 tuamne,
332 1190 447 1256 Lucilii
474 1204 612 1257 aetatem
635 1205 783 1258 vexatam
796 1192 887 1258 malis
900 1194 1003 1259 fuisse.
1028 1193 1066 1257 In
1089 1187 1156 1278 prl-

154 1309 212 1375 mis
235 1330 315 1374 vero
336 1311 454 1375 ultimo
476 1311 560 1375 vitae
582 1324 729 1395 tempore
751 1311 897 1376 accidisse
909 1334 946 1377 ea
957 1312 1155 1398 conjicimus.

154 1429 300 1495 Fortasse
333 1429 480 1494 homines
512 1429 708 1494 nominatim
740 1431 993 1513 reprehendendi
1026 1430 1159 1496 libidine

153 1548 283 1636 gravius
314 1547 449 1625 abusus,
480 1547 616 1613 mortuis
643 1548 700 1634 qui
720 1548 749 1613 ei
772 1551 853 1614 dum
872 1549 1023 1614 vivebant
1044 1563 1160 1634 patro-

154 1667 252 1732 sinati
289 1668 437 1743 inerant,
458 1666 591 1750 pessime
617 1666 646 1732 ei
676 1667 788 1744 cessit,
820 1671 910 1754 quod
943 1668 1080 1753 impune
1099 1667 1157 1733 diu

154 1786 299 1851 licuerat.
324 1783 554 1871 Quamquam,
584 1788 672 1871 quod
692 1785 769 1863 dixi,
793 1785 883 1851 abest
903 1800 940 1852 ut
961 1809 1156 1864 asseverem,

155 1903 330 1969 incarcere
352 1925 429 1970 eum
456 1925 574 1988 poenas
596 1903 724 1969 dedisse.
768 1905 816 1969 Ac
839 1904 1013 1990 pistrinum
1023 1906 1176 1991 quidem·

154 2022 327 2108 proprium
338 2022 503 2100 babuerit,
516 2023 551 2086 in
564 2042 630 2108 qno
652 2022 778 2088 videtur
789 2023 889 2087 animi
902 2035 959 2088 ant
969 2025 1159 2090 valetudinis

155 2141 250 2207 causa
274 2143 315 2207 ad
331 2141 456 2225 pistoris
478 2162 557 2227 opns
579 2140 776 2217 incubuisse,
801 2151 834 2205 et
850 2141 955 2224 pilum
972 2139 1157 2208 tractasse1.

156 2259 313 2328 Ceterum
331 2260 531 2347 paulomagis
544 2259 663 2325 inclino
675 2260 709 2324 in
721 2281 793 2324 eam
806 2259 1004 2344 opinionem,
1016 2274 1055 2326 ut
1066 2261 1159 2326 variis

155 2379 267 2445 litibus
278 2379 477 2464 implicitum
489 2391 522 2444 et
544 2391 694 2444 enectum
706 2376 733 2456 ²,
747 2381 806 2443 uel
819 2391 967 2443 coactum
979 2381 1029 2443 vel
1045 2391 1159 2462 sponte

155 2520 231 2564 enm
243 2511 360 2582 putem
370 2498 405 2562 in
416 2497 563 2562 exsilium
572 2496 683 2562 abiisse
695 2495 724 2560 N
725 2497 862 2582 capolim
875 2496 932 2570 ubi
945 2499 1110 2564 consenuit
1121 2519 1158 2563 ac

157 2619 245 2683 diem
258 2617 350 2683 obiit.
392 2615 459 2681 Nee
475 2615 667 2701 displicuisse
688 2616 779 2682 novis
803 2615 925 2681 civibus
954 2621 1086 2701 poetam
1103 2639 1158 2681 ex-

155 2739 278 2814 sulem,
318 2735 529 2802 manilestum
562 2747 618 2800 est.
684 2731 833 2820 Namque
862 2735 930 2819 ejus
964 2735 1159 2800 memoriam

154 2853 355 2938 Neapolitani
377 2852 500 2937 publici
533 2852 653 2916 funeris
682 2854 805 2917 honore
833 2855 1092 2918 cohonestarunt.

200 2972 290 3040 Haeo
331 2985 409 3036 sunt
442 2968 625 3036 Lucilianae
651 2968 735 3035 vitae
759 2969 864 3054 capita
891 2971 1014 3054 partim
1047 2981 1159 3048 oerta,

157 3093 280 3175 partim
313 3091 444 3155 incerta.
486 3087 703 3174 Conspectum
727 3090 793 3174 ejus
817 3089 933 3154 addere
948 3089 1061 3172 juvat,
1092 3109 1159 3172 quo

159 3211 275 3276 melius
297 3231 409 3274 rerum
429 3210 508 3272 ordo
531 3207 740 3294 intelligatur.

193 3451 206 3489 ι
244 3432 377 3504 Quamvis
404 3435 531 3498 constat,
556 3449 571 3484 a
594 3432 668 3485 bello
687 3431 816 3496 Persico,
838 3431 911 3502 quod
929 3431 980 3488 586
997 3431 1073 3502 (168)
1094 3431 1162 3484 fini-

163 3542 217 3587 tum
245 3539 312 3596 eat,
338 3531 439 3583 llomse
466 3531 583 3599 pistores
606 3532 689 3583 luisse
708 3530 771 3600 (Pl
780 3532 791 3582 i
801 3550 830 3582 ιι.
848 3535 887 3585 Η.
906 3532 944 3582 Ν.
964 3529 1082 3592 xvtlt,
1102 3538 1157 3601 rt.)

163 3639 249 3682 tamen
276 3627 345 3680 nibil
372 3629 481 3690 obstat,
507 3628 651 3697 quominus
669 3627 792 3679 Lucilius
809 3627 944 3694 privatum
961 3629 989 3678 in
1008 3627 1084 3682 Urbe
1102 3629 1163 3694 pis-

162 3731 264 3780 trinum
281 3725 407 3778 babuisse
424 3722 573 3777 credamus.
609 3725 668 3778 Nec
695 3723 1040 3794 quatuordecimam,
1061 3725 1089 3775 in
1108 3743 1162 3787 eo,
1247 3753 1251 3762 ·

163 3830 210 3896 qui
233 3825 372 3895 Scipionis
395 3843 425 3878 ac
452 3824 542 3877 Laelii
569 3824 665 3878 hilaris
689 3843 777 3878 comes
794 3825 908 3890 fuerat,
927 3823 1051 3894 quamvis
1068 3825 1161 3893 equita

163 3926 304 3990 llomano,
330 3927 430 3978 miram
458 3924 546 3978 videri
563 3927 675 3993 polerit.
712 3925 753 3978 Eo
777 3943 884 3996 quoquo
904 3924 1018 3976 referam
1032 3922 1163 3994 pistricis

164 4041 193 4091 p·
209 4025 260 4087 64,
278 4030 366 4078 notu
387 4023 485 4075 lacurn
496 4024 670 4087 montionem,
690 4041 768 4092 qnam
786 4023 840 4075 sibi
857 4023 913 4080 sive
931 4024 965 4074 ub
983 4021 1089 4084 amico,
1109 4020 1164 4072 sive

165 4123 198 4174 ab
215 4123 269 4172 alio
285 4127 384 4174 emtam
400 4120 530 4174 voluerit.

200 4239 214 4274 a
249 4218 318 4277 vid.
334 4236 414 4287 supra
432 4236 459 4287 p.
478 4219 523 4283 54,
542 4217 585 4270 62.

653 4321 694 4379 5*
