2894 4986
791 407 833 471 60

302 587 390 650 baud
413 585 481 650 aine
511 581 737 668 probabilitate
762 583 945 650 existimare
969 606 1027 648 nos
1050 599 1222 664 moneant,
1243 609 1305 652 va·

300 701 448 769 letudinia
465 702 569 790 gratii
584 703 748 766 Lucilium
772 723 907 790 peregre
929 703 1149 788 proficiscendi
1171 705 1305 770 oonsili-

302 842 362 886 um
385 821 512 905 capiate.
535 819 685 905 Namque
706 821 839 886 adversi
859 843 935 886 eum
959 821 1116 888 laborasse
1133 823 1306 910 cognosci-

301 959 376 1005 mm
390 962 430 1004 ex
443 939 555 1004 Festo:
581 936 737 1006 «amun
750 937 958 1027 Icadionque
965 961 1043 1004 aum
1055 940 1136 1005 dixit
1147 939 1305 1018 Lucilius,

299 1057 433 1123 nomina
455 1057 635 1142 piratarum
656 1059 779 1142 potuim
798 1071 867 1123 tam
887 1058 1042 1124 infertum
1054 1059 1114 1124 ribi
1137 1079 1254 1142 oorpuo
1271 1071 1307 1122 et

300 1176 520 1243 valetudinem
537 1179 695 1253 relerena,
720 1198 822 1261 quam
839 1177 886 1241 illi
906 1189 1007 1242 eorem
1015 1176 1110 1242 saluti
1119 1175 1308 1263 naviganti·

300 1316 358 1359 um
372 1293 397 1359 ¹.
412 1313 429 1354 u
444 1293 656 1381 Quarquera
669 1291 771 1381 sobri
789 1295 911 1378 saepius
923 1295 1075 1358 affectum
1095 1293 1191 1358 fuiaae
1214 1294 1307 1358 oolli-

299 1433 356 1498 gaa
375 1434 415 1476 ex
429 1414 557 1476 eodem:
572 1412 721 1500 jactam
735 1434 787 1476 me
798 1423 837 1476 ut
847 1411 966 1500 sobrie
979 1433 1167 1499 querquera
1180 1422 1300 1488 torret,

299 1544 332 1595 et
344 1552 534 1618 querquera
546 1532 765 1618 consequitur
779 1528 897 1617 sobria
919 1532 1117 1617 capitisque
1127 1529 1261 1596 dolores
1273 1529 1301 1598 ².

300 1647 467 1713 Praeterea
505 1645 627 1712 Gellius
649 1650 772 1724 refert,
796 1648 959 1711 Lucilium
979 1647 1066 1713 libro
1088 1648 1204 1733 quinto
1226 1669 1306 1713 cum

300 1765 405 1830 amieo
432 1778 646 1850 conquestum
675 1785 764 1843 otte,
801 1766 890 1850 quod
910 1765 952 1829 ad
977 1786 1011 1830 ae
1044 1778 1213 1852 aegrotum
1238 1785 1307 1828 non

300 1883 414 1949 vireret
426 1881 453 1950 ³.
479 1882 575 1948 Plura
586 1884 625 1948 ‹le
637 1881 778 1948 itinerar
796 1885 1056 1970 fragmentorum
1074 1883 1195 1950 indioiia
1206 1903 1308 1948 aoou-

298 2002 399 2070 ratiue
410 2001 590 2086 exploravit
600 1999 733 2089 Vargea,
742 2023 826 2088 quae
837 2003 1103 2067 commendamur
1112 2001 1308 2089 legentibus.

342 2121 478 2208 Aliquid
508 2140 607 2204 porro
641 2121 681 2184 de
714 2117 831 2184 Lucilii
853 2118 1023 2185 domicilio
1040 2133 1243 2185 memoratur
1263 2119 1307 2184 ab

298 2239 448 2308 Aaoonio:
472 2237 687 2306 «Varronem
710 2239 847 2314 tradere,
871 2235 917 2302 M.
940 2235 1080 2314 Valerio¹
1093 2239 1306 2324 quiasaepiua

300 2357 447 2436 vicerat,
463 2359 555 2422 aeder
563 2353 599 2420 in
610 2353 731 2420 Palatio
747 2353 905 2433 tributas,
928 2353 1032 2422 Julius
1055 2355 1204 2444 Hyginus
1227 2357 1309 2423 dicit

299 2477 335 2541 in
356 2475 443 2541 libro
465 2473 575 2560 priora
597 2475 637 2538 de
650 2474 741 2538 claris
754 2471 842 2551 viria,
855 2487 888 2540 et
899 2472 934 2540 P.
944 2473 1084 2552 Valerio,
1100 2472 1211 2541 Volusi
1225 2475 1306 2553 filio,

300 2594 483 2660 Publicolae
496 2593 625 2658 aedium
646 2595 739 2675 repul
749 2637 971 2660 ...........
991 2589 1097 2660 cum⁴
1120 2593 1180 2658 tub
1188 2591 1303 2670 Velia,

300 2713 358 2778 ubi
382 2731 470 2776 nuno
486 2710 570 2776 aedit
591 2709 755 2776 Victoriae
781 2725 843 2788 eat,
865 2713 1027 2795 populum
1040 2733 1080 2776 ex
1101 2713 1190 2798 lega,
1205 2734 1308 2797 quam

307 2831 377 2917 ipae
392 2831 522 2906 tulerat,
541 2827 737 2894 concessisse.
751 2826 911 2904 Tradunt,
922 2842 955 2895 et
967 2826 1138 2907 Antiocho,
1152 2827 1308 2896 Antiochi

300 2949 386 3038 regia
405 2947 498 3024 filio,
527 2946 628 3012 obaidi
651 2947 789 3010 domum
815 2945 945 3028 publioe
974 2947 1196 3024 aedificatam,
1217 2947 1308 3014 iuter

301 3089 381 3155 quoa
415 3063 541 3133 Atticus
566 3063 601 3128 in
627 3065 757 3139 annale,
785 3083 869 3148 quae
895 3076 1004 3147 postea
1038 3063 1156 3129 dieitur
1186 3064 1305 3130 Luoilii

300 3191 414 3270 politae
437 3179 533 3249 luisse
552 3180 612 3247 ⁵.»
657 3180 795 3245 Fallitur
817 3177 958 3248 Orelliua
973 3179 1008 3259 θ,
1031 3179 1172 3247 scribens
1206 3180 1305 3247 Luci-

333 3456 346 3495 ι
383 3457 411 3492 r.
428 3437 594 3493 nonde..

334 3553 351 3590 2
385 3532 672 3605 v·Qaerqaera
695 3535 844 3589 lebria.

335 3632 353 3685 ⁵
390 3628 509 3698 xvlll,
528 3632 557 3696 8,
579 3647 606 3686 r.

334 3731 353 3785 4
387 3729 466 3784 Fari·
483 3730 740 3801 recuperandorum
761 3729 863 3782 locum·

332 3826 349 3879 ⁵
384 3829 424 3879 In
440 3827 541 3880 Piaon.
552 3842 608 3879 ιι.
635 3823 678 3877 Ex
687 3823 823 3880 Garatoni
834 3823 988 3892 conjectura
1008 3823 1080 3890 apud
1097 3824 1194 3878 orel
1202 3824 1302 3882 lium

303 3922 376 3996 (Cic.
393 3927 464 3994 opp.
481 3921 521 3989 V,
534 3943 562 3989 r,
579 3939 609 3990 ρ.
621 3922 664 3976 15.
684 3922 729 3974 Gi.
740 3923 835 3993 mai).
854 3918 945 3992 Vulgo
955 3921 1096 3990 legebatur
1110 3938 1118 3974 r
1131 3922 1302 3980 Publicolae

303 4021 386 4074 ardea
401 4019 538 4090 publicae
552 4020 603 4076 auh
626 4019 721 4076 Velia.
744 4017 791 4074 cf.
814 4019 924 4074 roas.
951 4019 984 4073 da
1003 4019 1084 4074 Hirr.
1103 4021 1185 4074 aare.
1209 4021 1297 4094 (opp

304 4115 362 4182 ΙΙΙ,
374 4115 449 4186 25³).

336 4217 353 4271 6
389 4217 488 4268 Onam.
511 4213 588 4270 rull.
606 4232 635 4283 p·
653 4213 704 4270 ³6³
719 4231 744 4270 ι.
