2860 4974
736 409 798 470 tto

256 588 395 652 vicinam
429 586 546 650 urbem
574 598 630 650 aut
650 585 810 668 oppidum
829 583 945 648 oborta
971 595 1066 648 nocte
1083 579 1275 668 contingere

256 707 450 788 desperaret.
498 699 586 786 Quin
612 714 814 784 pernoctasse
851 700 951 765 etism
972 700 1034 764 sub
1066 701 1121 766 dio
1142 701 1276 764 ridetur

254 837 287 904 et
310 821 447 886 emisisse
473 821 530 904 qui
555 820 643 906 ligna
662 831 876 904 quaererent:
901 819 959 904 qui
982 840 1087 904 quum
1113 841 1148 886 re
1165 819 1272 883 inlec-

257 955 289 1004 ta
314 939 480 1014 redirent,
503 939 628 1022 jussisse
652 959 794 1020 puerum
821 941 972 1023 frangere
993 939 1099 1002 calam
1123 950 1160 1001 ut
1182 940 1276 1002 cale-

255 1072 327 1136 ret,
348 1057 404 1142 qui
431 1053 552 1140 frigore
580 1058 648 1140 jam
670 1055 915 1138 obtorpeseerct
928 1057 953 1118 Ι.
990 1054 1082 1118 Licet
1104 1074 1180 1118 sero
1199 1053 1274 1116 Lu·

256 1176 347 1242 cilius
358 1173 564 1257 potissimum
580 1174 614 1238 in
626 1175 689 1238 hoc
700 1187 898 1258 argumento
910 1187 1052 1236 versatus
1073 1172 1137 1267 sit,
1161 1185 1275 1236 tamen

257 1293 371 1388 tertius
395 1293 478 1356 liber
502 1292 625 1356 itineris
649 1291 863 1374 descriptione
887 1312 954 1354 non
984 1289 1151 1356 absolutus
1178 1290 1276 1354 luisse

255 1402 319 1478 dici
338 1425 452 1494 potest.
476 1411 608 1474 Etenim
631 1412 746 1474 codem
773 1410 807 1472 in
830 1408 1040 1474 emendandis
1057 1409 1133 1474 locis
1153 1406 1277 1474 Aeeta.

256 1531 323 1607 uis,
348 1528 504 1594 Ennianis
522 1542 554 1592 et
579 1526 766 1592 Pacuvianie
784 1541 958 1610 occupatus
983 1527 1078 1592 luisse
1097 1530 1204 1592 fertur
1216 1524 1243 1590 ².

302 1647 402 1712 Libro
420 1659 567 1732 quarto
589 1644 729 1708 divitum
751 1644 918 1710 luxuriam
931 1658 963 1709 et
975 1644 1053 1708 vitia
1065 1645 1233 1730 castigavit
1244 1644 1274 1708 ³.

301 1764 430 1848 Duplex
453 1762 528 1828 libri
546 1761 680 1850 quinti
700 1775 936 1848 argumentum
959 1762 1123 1827 novimus.
1168 1759 1276 1827 Nam·

176 1944 180 1952 ,
255 1903 319 1970 que
354 1871 484 1968 questus
505 1900 543 1942 eo
563 1879 682 1943 dicitur
697 1899 774 1954 cunr
790 1879 915 1956 amico,
940 1882 1028 1963 quod
1044 1881 1135 1946 adse
1159 1900 1277 1966 aegro-

256 2013 382 2064 tantem
395 2019 461 2062 non
480 1997 595 2062 viseret
608 1994 635 2060 Ι.
662 1996 830 2072 Amicum,
843 2017 944 2082 quem
959 1997 1181 2079 compellavit,
1194 1999 1278 2061 rbe-

257 2132 363 2182 torem
377 2114 483 2191 luisse,
499 2117 576 2180 scite
588 2114 764 2198 suspicatus
778 2124 825 2178 est
836 2113 978 2199 Scaliger
990 2113 1024 2192 ιΙ;
1038 2137 1116 2178 narn
1130 2137 1170 2178 ex
1191 2138 1279 2200 que-

257 2234 415 2302 rimoniae
434 2237 638 2322 fragmento,
665 2234 754 2316 quod
766 2245 933 2297 servatum
947 2246 1013 2310 est,
1037 2247 1176 2316 apparet
1196 2235 1277 2296 irri-

257 2353 329 2418 sisse
360 2357 493 2434 poetam
519 2353 714 2434 παρίσωσιν,
747 2349 882 2433 quaein
903 2351 1022 2416 deliciis
1042 2351 1138 2416 amici
1163 2352 1276 2416 fuerit.

258 2469 364 2532 Simul
378 2469 482 2550 carpit
502 2471 689 2554 fragmento
707 2468 817 2550 primo
833 2469 994 2534 amicitiae
1006 2471 1278 2545 inconstantiam,

257 2587 362 2672 quod,
386 2605 565 2650 commune
579 2586 766 2670 aequalibus
777 2588 839 2652 suis
853 2588 982 2664 vitium,
996 2588 1024 2651 ei
1037 2586 1096 2671 qui
1108 2601 1205 2654 antea
1214 2587 1279 2652 cibi

257 2701 380 2768 amicus
390 2703 497 2766 luerat
503 2701 681 2786 opprobrio
688 2703 796 2767 vertit.
809 2702 1032 2769 Potesttamen
1034 2707 1143 2790 jocose
1149 2706 1277 2770 dictum

258 2820 372 2906 accipi.
400 2818 570 2896 Perhibet,
583 2840 621 2884 eo
633 2823 787 2903 perfidiae
800 2826 920 2888 multos
932 2825 1062 2889 erasisse
1075 2839 1128 2902 ut,
1141 2825 1280 2910 quibus·

242 2961 336 3018 ⁴cum
354 2938 514 3004 amicitiae
527 2938 836 3028 benevolentiaeque
860 2941 991 3007 vinculo
1003 2943 1110 3027 juncti
1124 2943 1279 3018 fuissent,

257 3147 478 3162 ffl-

294 3297 305 3332 t
344 3283 458 3351 Fragm.
480 3281 537 3347 ΙΙΙ,
557 3282 602 3334 ot.
628 3285 679 3335 Fr.
698 3285 754 3337 inc.
774 3285 837 3340 138.
868 3286 1097 3355 outaqmmvts,
1120 3287 1276 3356 interprete

263 3379 387 3431 servio
399 3379 438 3430 ad
463 3380 544 3450 Virg.
563 3381 638 3432 Aen.
650 3377 708 3445 Vl,
729 3397 756 3443 ι,
775 3380 896 3435 militare
908 3381 1072 3436 vocabulum
1082 3385 1278 3454 sitetsurtem

258 3472 406 3542 significet,
426 3489 508 3542 quens
534 3492 628 3528 sersus
640 3476 781 3532 dominum
798 3496 915 3548 sequens
926 3479 961 3530 ad
972 3479 1108 3547 proelium
1127 3483 1279 3548 portabat,

259 3576 348 3622 tamen
373 3567 454 3638 bajus
471 3569 525 3622 loci
548 3588 606 3624 etse
624 3576 737 3640 potuit,
767 3577 829 3645 quis
860 3576 989 3630 adsersus
1005 3578 1145 3630 latronum
1166 3577 1282 3630 insidis·

262 3667 439 3736 clinipulum
457 3666 519 3719 telis
536 3685 605 3737 opus
622 3679 691 3726 erat.
727 3677 876 3727 Servius
896 3683 986 3730 autem
1008 3675 1046 3728 ita
1065 3677 1166 3743 partim
1186 3677 1284 3728 iuter-

258 3773 384 3834 pretatur
402 3781 530 3820 versun:
551 3785 566 3818 o
580 3785 653 3838 puer
665 3805 674 3835 ,
682 3772 792 3842 frange
801 3774 903 3844 fustes
919 3783 947 3826 et
956 3775 1135 3845 sacsocum.

295 3881 311 3915 2
346 3865 452 3917 Auca.
471 3869 533 3932 post
547 3867 650 3919 comm.
672 3870 752 3940 Cruq·
772 3871 875 3940 palpa.
894 3869 939 3922 Cf.
956 3869 1105 3926 Gellius
1119 3869 1219 3934 ituit.
1233 3889 1281 3926 ss.

294 3960 312 4010 5
347 3959 619 4030 Vid.sup.p.126.

295 4059 312 4110 Ι
347 4056 406 4124 Sup
440 4075 469 4125 p.
486 4057 534 4114 60.

293 4151 309 4202 ⁵
346 4156 455 4208 Aaron·
476 4161 562 4209 lacte.
582 4158 608 4211 ΙΙ
625 4193 633 4222 ,
653 4160 669 4210 Ι
687 4177 714 4225 p.
734 4160 796 4218 136.
830 4159 876 4214 (ΖΙ.
894 4177 956 4230 sup.
975 4179 1000 4228 p.
1023 4178 1082 4234 ιη.
