2860 4974
744 391 804 452 196

283 568 425 653 argutias
443 585 577 648 carpere
602 582 668 626 non
689 565 912 627 omittendum
936 565 1074 645 putauit.
1120 565 1194 629 Huc
1218 565 1304 630 iacit

282 689 507 769 fragmentum
521 708 528 743 ι

281 801 390 888 Ques‘s
397 801 486 864 hune
495 821 634 863 currere
644 819 765 884 equum
775 819 837 861 nos
847 809 951 883 atque
958 801 1117 883 equitare
1128 797 1298 875 videmus,

282 917 351 982 His
373 920 527 1003 equitat,
551 919 754 1001 curritque:
779 916 890 979 oeulis
913 918 1070 1001 equitare
1093 915 1266 994 videmus,-

283 1035 387 1122 Ergo
411 1035 523 1098 oeulis
546 1037 681 1119 equitat
693 1032 765 1082 ..1

326 1150 415 1236 Quid
438 1151 585 1215 universe
608 1149 743 1214 sentiret
771 1151 810 1213 de
834 1150 1010 1214 oraturis·
1030 1171 1189 1226 munere,
1214 1151 1299 1234 quid

283 1270 317 1333 in
342 1289 398 1344 e0,
423 1268 480 1351 qui
502 1270 563 1331 hoe
586 1276 679 1330 tanto
700 1265 833 1330 nomine
856 1267 1061 1352 dignissimus
1085 1281 1296 1342 censeretur,

282 1385 483 1468 requireret,
518 1386 667 1446 nondum
701 1383 864 1459 diximus,
900 1386 955 1448 sed
990 1385 1031 1448 sd
1067 1386 1157 1447 hune
1185 1387 1301 1448 iocum

283 1501 491 1566 servavimus.
538 1499 653 1564 Dicere
687 1500 777 1563 enim
808 1500 918 1564 solitus
944 1521 1008 1564 esse
1030 1502 1158 1574 fertur,
1190 1521 1223 1564 se
1246 1499 1297 1564 its

283 1619 425 1695 sentire,
461 1615 630 1682 neminem
667 1639 731 1681 esse
755 1618 790 1681 in
813 1629 983 1681 oratorum
1004 1637 1144 1682 numero
1167 1617 1300 1690 haben:

285 1738 386 1810 dum,
419 1735 476 1818 qui
512 1753 579 1796 non
612 1747 692 1798 esset
715 1734 867 1800 omnibus
896 1733 934 1797 iis
958 1732 1108 1798 artibus.
1131 1755 1217 1816 quae
1235 1734 1303 1798 sint

285 1854 389 1918 libero
413 1853 552 1937 dignae,
576 1852 777 1934 perpolitus:
804 1851 922 1935 quibus
952 1852 1026 1934 ipsis
1059 1853 1083 1914 si
1109 1852 1144 1914 in
1163 1852 1304 1918 dicendo

287 1971 358 2056 quis
376 1991 442 2032 non
460 1977 588 2043 utatur,
614 1982 725 2032 tamen
740 1990 897 2051 apparere
916 1981 1014 2050 atque
1026 1982 1167 2046 exstare,
1183 1981 1302 2032 utrum

285 2089 327 2154 sit
350 2108 464 2150 earum
488 2084 577 2149 rudis
597 2106 640 2148 an
663 2084 810 2150 didicerit
822 2083 850 2148 ².
896 2083 1109 2169 Quapropter
1135 2083 1195 2169 qui
1218 2087 1302 2149 haec

288 2225 355 2270 non
379 2202 511 2268 assecuti
541 2215 634 2265 erant
653 2201 761 2265 studio
785 2223 824 2264 ae
845 2202 1029 2287 diligentia,
1051 2203 1109 2286 qui
1133 2201 1305 2266 doetrinae

289 2319 451 2404 praesidiis
486 2317 579 2380 facile
610 2319 817 2399 supersedere
844 2339 877 2380 se
908 2339 999 2401 posse
1032 2319 1217 2401 putabant,
1243 2317 1305 2402 qui

290 2436 457 2501 malebant
480 2435 657 2498 verborum
676 2456 714 2497 ac
737 2435 974 2500 sententiarum
987 2435 1093 2500 nitore
1110 2458 1148 2501 ae
1159 2437 1307 2518 pondere

290 2573 499 2636 compensare
524 2553 612 2634 quod
644 2551 741 2616 rebus
771 2553 915 2632 deesset,
939 2553 996 2638 qui
1022 2553 1162 2618 orationi
1181 2553 1308 2618 servie-

290 2673 393 2745 bant,
426 2690 503 2733 cum
534 2669 654 2732 servire
687 2670 760 2751 ipsis
785 2671 890 2734 oratio
915 2671 1049 2736 deberet
1073 2675 1246 2736 adsensus
1270 2685 1307 2736 et

292 2786 501 2874 cogitationes
513 2786 754 2868 exprimendas,
778 2789 836 2854 hos
849 2809 915 2854 non
927 2789 1072 2866 ferebat,
1090 2792 1212 2853 horum
1225 2799 1308 2854 tan-

294 2927 395 2996 quam
414 2908 454 2974 itt
470 2905 699 2970 vermiculato
717 2905 916 2970 emblemata
935 2919 1091 2972 structae
1112 2907 1306 2971 tesserulae

293 3023 495 3092 deridsbstss.
540 3019 718 3100 Similiter,
748 3044 830 3107 quae
853 3027 893 3088 de
927 3023 1123 3089 animalibus
1145 3025 1298 3107 usurpari

295 3141 451 3207 voeabula
466 3140 631 3214 solebant,
654 3161 691 3203 es
713 3140 763 3204 his
786 3140 974 3222 adaptabat,
999 3141 1056 3225 qui
1078 3141 1184 3204 uerius
1199 3140 1296 3205 roei·

295 3257 483 3322 ferabantur
505 3277 606 3340 quam
626 3256 771 3320 humane
796 3257 1039 3340 loquebantur,
1064 3254 1223 3322 utillud:

339 3374 430 3438 Huee
456 3373 571 3462 (talia),
595 3376 751 3460 inquam,
776 3371 877 3440 raedas
901 3397 941 3438 se
955 3377 1086 3442 rostris
1103 3386 1206 3462 atque
1223 3373 1308 3438 ltin-

1067 3462 1236 3528 m'lt'tabit
1251 3507 1260 3538 ,

342 3579 555 3642 Concursum
578 3581 635 3640 uti
655 3581 843 3642 arastus-itu
866 3580 1025 3663 clareque
1045 3582 1230 3666 quiritans
1244 3579 1274 3644 ⁴.

331 3762 343 3796 t
383 3743 434 3794 Fr.
451 3742 506 3795 ine.
527 3755 568 3794 ta·
596 3740 776 3804 cnseat.
808 3743 893 3796 Geli.
915 3741 1084 3805 xv111,5.

331 3861 347 3895 2
385 3838 463 3889 θέο.
481 3837 514 3888 de
533 3837 615 3888 Orat.
635 3837 661 3899 1,
682 3837 726 3900 16,
746 3855 798 3906 720·

331 3935 348 3986 δ
384 3931 453 3999 Snp.
463 3949 489 3998 p.
503 3933 548 4001 98,
563 3947 625 4002 129,
639 3947 699 4002 170.
711 3931 952 3987 cfficiuntur
964 3935 1046 4006 opt.
1060 3935 1101 4004 (p.
1110 3931 1196 4002 sm)
1211 3947 1238 3998 p.
1249 3933 1312 3988 263.

329 4032 346 4081 d
390 4027 1311 4090 VarrodsLdaVihtoi.Noniusv.ttuiritare.

297 4123 428 4180 Lucil.
461 4119 633 4184 ravist.
