2888 4972
757 391 822 453 274

281 583 400 634 amenta
421 567 624 652 permultum
648 581 778 650 tempus
800 566 926 630 Romae
951 565 1107 650 viguisse,
1131 563 1300 648 utriusque

286 686 452 771 scriptoris
467 685 650 750 testimonio
674 699 809 750 constat.
834 684 1083 749 Valeriussnim
1096 683 1196 758 dicit,
1213 703 1300 769 pau·

289 807 397 870 latim
420 803 541 868 deinde
563 806 603 868 ad
626 817 812 868 saturarum
839 806 952 867 modos
983 804 1196 889 perrepsiass
1218 800 1301 865 ludi·

290 945 381 990 cram
417 937 542 999 artem;
580 921 692 988 Livius
712 941 812 998 vero,
840 941 913 984 rem
941 923 1080 1006 saepius
1100 917 1302 1005 usurpando

277 1043 463 1106 excitatam
489 1041 593 1104 luisse.
639 1037 721 1103 Satis
741 1051 891 1102 accurate
915 1038 1003 1114 binc,
1022 1059 1124 1122 quam
1150 1038 1206 1101 diu
1232 1038 1301 1100 exi·

287 1160 359 1245 guis
387 1158 505 1221 finibus
537 1160 608 1222 leve
644 1157 821 1220 artificium
857 1156 1147 1239 circumscriptum
1176 1155 1301 1220 steterit

287 1291 364 1340 ame
385 1295 486 1360 quam
517 1274 626 1358 aliqua
646 1275 828 1360 progressio
849 1290 1061 1352 cerneretur,
1083 1273 1301 1360 significatur.

280 1392 385 1479 'Quod
418 1413 495 1456 vero
526 1392 669 1456 traditur
698 1404 780 1478 post
801 1391 939 1478 aliquot
964 1413 1073 1456 annos
1098 1391 1210 1456 Livius
1230 1394 1302 1456 An.

278 1511 440 1575 ⁴dronicus
463 1511 654 1585 instituisse,
678 1529 747 1574 non
770 1529 808 1574 co
828 1513 1152 1594 valetutputemus,
1173 1523 1299 1592 tempo·

286 1629 332 1693 ris
355 1629 498 1710 spatium
518 1627 665 1702 indicari,
679 1628 765 1692 intra
777 1629 866 1711 quod
877 1629 1042 1693 vernaculi
1055 1626 1193 1691 artifices
1205 1626 1301 1690 emti·

288 1748 398 1810 tarint.
434 1745 558 1811 Contra
581 1745 724 1810 historici
744 1746 904 1810 sententia
927 1749 1007 1810 hacc
1035 1759 1103 1812 est:
1125 1759 1299 1828 postquam

281 1883 347 1947 'per
376 1864 501 1948 aliquot
532 1883 632 1928 annos
665 1863 871 1928 Andronicus
891 1863 1076 1928 instituerat
1102 1869 1299 1948 argumento

288 1984 435 2047 fabulam
458 2001 586 2058 serere,
606 1982 724 2047 accidit
744 1995 803 2059 ut,
823 1982 938 2046 obtusa
959 2001 1055 2058 voce,
1079 2001 1223 2064 puerum
1240 1982 1301 2045 ad·

287 2101 425 2165 biberet.
472 2097 582 2185 Quare
601 2100 737 2165 ⁴errarit
763 2097 891 2173 Muuk‚
924 2099 981 2184 qui
1007 2099 1117 2183 paucis
1146 2111 1221 2162 ante
1242 2098 1300 2162 Li·

285 2219 379 2284 vium
402 2217 630 2284 Andronicum
653 2218 745 2282 annis
758 2218 883 2282 Romae
907 2231 993 2282 ortas
1010 2237 1074 2282 esse
1092 2217 1204 2282 satiras
1215 2217 1301 2282 exis-

283 2337 438 2412 timavit‚
463 2357 572 2421 neque
602 2335 842 2400 assentiendum
872 2336 901 2400 ei
921 2335 1078 2400 statuenti
1109 2335 1299 2409 Romanos,

286 2453 343 2537 qui
383 2453 469 2516 bello
498 2451 620 2515 Punico
651 2452 766 2534 primo
788 2452 824 2516 in
845 2449 971 2517 Siciliae
992 2449 1130 2516 urbibus
1151 2454 1300 2518 delectati

286 2571 420 2636 fluissent
447 2569 607 2634 similibus
639 2571 852 2654 spectaculis,
871 2570 998 2634 Rornae
1022 2590 1102 2653 pace
1120 2571 1300 2653 composita

286 2689 435 2772 urbeque
468 2687 580 2751 multis
597 2686 715 2770 opibus
733 2690 929 2771 locupletata
951 2689 1045 2752 mdia
1061 2709 1119 2752 sua
1135 2689 1216 2753 artis
1235 2709 1301 2754 soe·

285 2807 376 2870 nicae
407 2808 568 2869 elementa
596 2807 636 2870 ad
664 2806 796 2870 illorum
820 2807 960 2870 modum
977 2805 1150 2884 effinxisse3
1177 2807 1301 2892 quippe

285 2943 391 3008 quum
408 2923 497 3006 apud
517 2921 641 2987 Siculos
658 2924 788 3007 jamdiu
811 2923 946 2989 mimica
958 2924 1119 2990 cavillatio
1131 2945 1300 2990 cumcan

286 3055 321 3104 tu
354 3054 389 3105 et
412 3040 581 3104 saltatione
604 3041 638 3102 in
657 3062 752 3104 scena
773 3040 920 3105 luissetl.
967 3039 1122 3124 Ineptum
1146 3042 1237 3106 enim
1251 3065 1302 3107 es-

283 3173 331 3221 set
367 3171 505 3240 putare,
538 3179 597 3240 per
630 3157 798 3242 integrum
827 3160 974 3222 seculum
998 3171 1030 3222 et
1050 3161 1140 3244 quod
1155 3160 1302 3224 excurrit

285 3276 380 3339 rudia
415 3276 471 3339 illa
498 3277 661 3338 elementa
698 3275 856 3360 riguisse,
888 3297 948 3340 nec
979 3273 1038 3340 nisi
1072 3291 1146 3359 post
1167 3291 1300 3342 tantum

287 3394 444 3476 temporis
464 3394 675 3460 intervallum
694 3395 874 3460 vernaculis
895 3395 1075 3462 artificibus
1094 3396 1143 3460 uti
1161 3398 1301 3482 coepisse

280 3509 461 3576 Romanoa.
508 3509 623 3594 ltaque
646 3531 753 3595 quum
778 3523 926 3586 constet,
951 3511 1181 3579 Andronicum
1206 3515 1300 3580 fabu-

280 3633 351 3694 lam
373 3627 521 3711 primum
547 3626 691 3693 docuisse
714 3651 743 3693 a.
759 3630 824 3692 514
850 3627 965 3716 (240),
990 3649 1049 3712 par
1072 3637 1121 3694 est
1146 3651 1299 3707 censere,

283 3747 408 3830 aliquot
438 3745 531 3809 annis
565 3753 638 3828 post
658 3765 735 3809 eum
761 3745 889 3811 veniam
911 3747 1002 3812 illam
1023 3747 1171 3830 petiisse,
1196 3767 1298 3830 quam

283 3947 562 3968 w

317 4102 327 4138 t
369 4089 420 4154 op.
440 4085 460 4138 l.
484 4105 513 4153 p.
532 4087 574 4138 16.
