2894 4986
769 348 811 410 66

296 528 404 612 Scipio
424 530 555 592 molesto
569 526 723 601 tulissent,
741 525 912 612 ingenium
924 539 1096 590 acuentem
1119 526 1155 592 iu
1166 527 1299 611 impro-

296 647 353 712 boe
370 661 403 712 et
419 647 610 712 facinorosos
622 644 717 710 cites.
742 642 867 730 Quibue
882 643 1075 720 Trebatim,
1096 657 1134 710 ut
1150 645 1232 711 mihi
1246 645 1297 712 vi·

296 769 402 844 detur,
414 765 592 852 subjungit:
608 788 625 831 a
640 785 755 830 verum
766 765 853 828 haud
865 763 1043 828 immemor
1054 785 1117 828 oeae
1128 777 1229 847 potae,
1239 785 1301 848 po·

301 887 417 968 pulum
432 885 518 949 haud
538 904 626 948 secus
639 879 915 968 atqueoptimatee
929 881 970 946 ab
984 883 1097 946 eodem
1110 881 1301 968 gravitaret

299 1015 456 1086 perpetuo
479 1023 543 1066 esee
565 1002 775 1090 exagitatum.
787 1021 804 1061 u
831 999 931 1085 Cujus
954 1000 1088 1085 quidem
1109 1001 1303 1066 temeritatis

297 1121 390 1186 luiaoe
412 1143 529 1205 poenae
552 1119 738 1196 Lucilium,
760 1118 787 1183 ei
811 1141 848 1183 ea
865 1117 1302 1201 terbaprolataaTrebatio

295 1241 486 1315 credamne,
510 1237 698 1303 inducimur
715 1236 976 1321 uteuepicemur.
998 1234 1065 1301 Nee
1086 1238 1180 1303 video
1201 1239 1304 1324 equi-

297 1360 373 1423 dem
407 1356 497 1421 istud
527 1359 629 1444 alqui
657 1377 725 1440 quo
759 1357 857 1420 modo
883 1354 1009 1432 Horatii
1026 1377 1178 1440 personae
1195 1356 1303 1422 tribui

296 1475 414 1560 poerit,
438 1477 526 1560 quod
544 1497 601 1540 aua
625 1474 880 1558 interponentis,
910 1493 978 1536 non
1010 1495 1194 1540 termonem
1217 1495 1304 1540 oon-

297 1594 463 1670 tiuuantia,
481 1615 557 1670 ecee,
582 1592 672 1659 verbi
693 1612 766 1657 uem
786 1593 890 1657 docet.
915 1590 1068 1658 Proxima
1076 1613 1153 1658 vero
1168 1597 1303 1681 peltae,

298 1733 364 1776 non
387 1710 551 1788 Trebatio,
570 1711 730 1776 vindicata
748 1708 902 1774 eximiam
927 1709 995 1774 vim
1006 1708 1138 1776 habent.
1185 1711 1304 1798 ltaque

303 1829 480 1898 sententiae
504 1843 630 1895 nostrae
652 1851 720 1914 non
750 1829 851 1893 modo
876 1850 942 1894 non
973 1831 1160 1896 adversatur
1177 1829 1305 1898 Horatii

299 1954 398 2027 locus,
419 1953 475 2015 aed
486 1949 532 2014 ita
544 1952 650 2013 favere
662 1947 791 2012 videtur
802 1961 840 2012 ut
852 1947 1015 2013 Lucilium
1028 1947 1303 2034 publioojudicio,

297 2091 363 2134 non
387 2089 563 2153 procerum
595 2067 796 2144 auctoritate,
830 2069 1008 2132 multatum
1041 2066 1210 2136 existimet.
1254 2070 1306 2135 Ao

300 2189 392 2252 video
418 2186 481 2250 alio
514 2188 657 2270 ejusdem
681 2190 795 2268 poetae
815 2187 886 2250 loco
902 2185 936 2250 id
957 2185 1091 2250 obscure
1115 2185 1303 2274 significati.

300 2305 377 2383 Me,
399 2304 515 2371 scribit
527 2307 719 2370 adeundam
735 2302 943 2381 Trebatium,
1026 2365 1033 2378 ,

521 2445 628 2486 -me
643 2421 787 2509 pedihus
806 2419 951 2488 delectat
973 2422 1131 2488 claudere
1150 2423 1252 2490 verbu

346 2542 464 2607 Lucili
487 2544 583 2618 ritu,
607 2552 764 2606 nostram
782 2543 942 2608 nteliorle
960 2557 1115 2631 utreque.

348 2660 417 2726 Ille
439 2660 530 2725 velut
552 2659 637 2744 fidis
659 2683 789 2726 areana
808 2660 987 2727 sodalibus
1010 2661 1096 2726 olim

348 2779 509 2844 credebat
527 2780 655 2860 lilrie3
674 2803 787 2868 aeque,
811 2783 845 2845 ai
867 2781 958 2846 male
970 2792 1137 2858 curerat,
1151 2803 1306 2870 unquam

348 2899 542 2964 Decurrena
565 2898 661 2975 ello,
690 2922 793 2986 aeque
811 2901 846 2964 ei
865 2900 962 2980 leam
989 2899 1112 2988 quefil
1134 2913 1175 2966 ul
1195 2905 1309 2968 amate

349 3017 387 3085 V
385 3020 480 3083 olivet
494 3029 615 3105 pateat
633 3018 742 3082 veluti
752 3017 926 3106 deeoripto
947 3019 1078 3084 lalellri

355 3137 391 3204 V
391 3140 446 3202 ite
468 3138 561 3201 reaia
574 3135 600 3202 ¹.
665 3197 670 3208 ,

306 3256 436 3322 Votivae
468 3255 593 3321 tabulae
625 3255 775 3343 naufragi
813 3256 926 3321 autin
948 3257 1074 3342 templo
1103 3271 1161 3324 aut
1186 3259 1220 3322 in
1243 3281 1310 3343 pu·

306 3374 391 3438 blico
413 3376 594 3459 ponebant3
618 3377 651 3439 in
677 3375 793 3460 quibua
812 3375 973 3463 naufragii
985 3376 1150 3442 calamitae
1161 3399 1310 3462 expressa

305 3506 384 3557 erat.
430 3490 503 3577 Qua
527 3494 668 3581 imagine
693 3515 766 3558 usne
783 3492 934 3560 Horatiae
954 3508 991 3560 ut
1012 3495 1194 3583 significet,
1220 3497 1310 3564 libri·

305 3611 369 3676 auis
388 3610 552 3676 Lucilium
577 3613 675 3676 vitam
694 3634 787 3677 eumn
808 3613 852 3676 ita
871 3615 912 3677 ad
922 3613 1034 3678 vivum
1056 3615 1250 3692 delineatae,
1274 3629 1310 3680 ut

307 3731 455 3818 naufragi
488 3730 707 3796 calamitatem
737 3732 857 3797 itineris
893 3730 943 3795 eui
980 3733 1153 3820 depingere
1185 3738 1309 3809 solent,

309 3850 409 3915 videri
444 3863 546 3933 potest
582 3847 759 3936 intelligere
793 3850 944 3926 voluisse,
983 3856 1113 3932 politam
1144 3855 1307 3919 adversam

316 4063 389 4072 ...d--

346 4155 354 4188 t
398 4138 459 4187 Sut.
484 4133 531 4196 ll,
556 4139 595 4195 t,
613 4137 645 4189 28
665 4152 725 4202 sqq.
