2894 4986
761 335 804 396 ol

285 503 459 587 ludimus,
492 509 615 574 mirum
643 510 759 576 accidit
779 510 934 598 singulari
961 511 1070 594 priora
1090 508 1177 593 poni.
1211 502 1282 569 Ne·

283 646 348 709 qua
371 638 482 690 tamen
505 629 688 692 ullomodo
708 628 741 693 id
766 649 919 716 urgerem
939 642 997 694 aut
1016 627 1150 693 omnino
1169 639 1285 690 atten-

282 742 418 821 dissem,
449 742 508 809 nisi
540 744 629 808 aliud
648 747 830 821 accederet,
854 766 922 830 quo
942 745 1099 830 suspicio,
1124 743 1214 830 quasi
1238 742 1286 806 ita

280 861 321 925 de
349 882 382 926 se
407 861 475 946 ipso
506 862 648 928 Lucilius
669 863 854 946 scripserit,
888 863 973 928 nasei
986 884 1077 948 posse
1105 863 1285 927 videretur.

280 977 437 1046 Varronis
462 980 551 1045 enim
588 983 676 1046 locus
707 981 761 1045 hic
784 995 850 1047 est:
874 981 1022 1060 Pilum,
1049 980 1139 1069 quod
1162 1003 1198 1044 so
1214 977 1282 1062 for

276 1101 420 1186 pisunt3
443 1122 466 1164 u
489 1121 554 1187 que
576 1098 638 1164 ult
659 1099 700 1164 id
710 1098 762 1185 fit
784 1099 920 1166 dieitur
937 1103 1147 1188 pistrinum.
1166 1096 1286 1162 *Iss-

279 1216 320 1282 ds
348 1230 430 1306 pest
451 1221 491 1283 iss
512 1217 595 1284 urbs
613 1217 736 1284 Lucili
755 1222 919 1307 pistrino
939 1232 972 1284 st
986 1219 1167 1307 pistris¹.
1211 1214 1285 1282 Ne·

279 1357 337 1402 mo
363 1336 447 1414 erit,
479 1357 579 1422 quem
610 1337 670 1403 ista
695 1338 873 1404 similitudo
906 1359 973 1404 non
1002 1350 1144 1403 moveat.
1194 1334 1281 1400 Nori

278 1453 440 1542 scaligero
458 1457 499 1520 de
518 1456 596 1521 vitio
610 1470 796 1540 suspectum
819 1459 928 1522 locum
953 1457 1070 1533 fuisse,
1094 1455 1147 1521 cui
1163 1455 1283 1518 mede·

276 1574 304 1639 ri
325 1574 449 1640 studuit
466 1574 655 1641 scribendo:
679 1573 764 1641 Inda
776 1578 895 1662 pistor
917 1575 1120 1641 vsldueilis'
1139 1573 1282 1661 pistri-

274 1714 322 1756 no
341 1692 395 1757 osi
412 1694 552 1779 pistris
565 1691 589 1757 ἱ).
621 1693 814 1758 deotissime
833 1693 966 1779 quidem
987 1692 1062 1771 ille,
1085 1694 1142 1758 sed
1161 1691 1281 1766 obstat,

276 1811 364 1894 quod
392 1821 513 1875 veteres
548 1809 695 1876 universe
712 1811 876 1897 pistrina
907 1810 1062 1875 feminine
1081 1809 1237 1894 scripsere
1249 1806 1280 1884 ³,

274 1930 362 2013 quod
374 1928 515 1994 Lucilius
524 1931 723 2015 pistrinum
735 1950 867 2016 quoque
880 1929 1063 2014 usurparit,
1073 1930 1162 2015 quod
1168 1927 1280 2011 inepte

274 2061 307 2112 et
319 2061 440 2112 temere
452 2047 678 2131 interpositum
691 2049 819 2113 ridetur
825 2051 945 2136 pistor
957 2061 1130 2133 prostquam
1140 2048 1279 2134 pistri-

272 2189 355 2232 num
367 2179 616 2245 memoraverat,
626 2168 780 2252 quodque
792 2167 929 2231 obscura
948 2180 994 2231 est
1002 2165 1149 2232 vocabuli
1153 2167 1277 2252 pistor·

271 2285 415 2368 corrupti
435 2305 538 2350 causa.
560 2282 669 2368 Quare
679 2304 786 2369 nequa
805 2283 948 2350 Miillero
966 2284 1123 2368 placuisse
1145 2285 1280 2369 conjec-

272 2417 347 2467 tura
358 2403 498 2475 ridetur,
511 2401 568 2486 qui
580 2401 715 2488 intelligi
731 2422 822 2485 posse
839 2415 951 2467 nomm
968 2403 1134 2488 quendam
1146 2402 1182 2465 in
1196 2401 1278 2467 urbe

274 2521 382 2586 Roma
412 2519 582 2603 pistrinam
601 2519 732 2596 scribit,
755 2520 894 2586 dubium
919 2535 1028 2586 umen
1053 2541 1117 2586 esse
1136 2521 1277 2598 addens,

270 2659 353 2702 num
376 2636 483 2706 Varro
500 2640 562 2704 hoc
582 2637 731 2704 voluerit.
766 2635 819 2704 Me
845 2639 997 2724 quidem,
1014 2638 1276 2723 ineptumnesit,

270 2755 434 2820 Lucilium
446 2754 489 2821 ob
500 2757 753 2840 reprehendendi
763 2757 930 2821 audaciam
941 2757 1100 2842 ingraves
1113 2756 1276 2822 molestias

270 2874 412 2940 incidisse
432 2871 552 2948 rideri,
577 2893 732 2957 quaerere
751 2871 860 2940 subiit.
904 2872 1084 2951 Naevium,
1107 2874 1273 2960 antiquie-

267 3015 339 3058 rem
362 2997 513 3077 poe'tam,
531 2991 588 3077 qui
600 2989 743 3056 Metellos
764 2993 970 3056 vehementer
987 2993 1175 3070 offenderat,
1195 3015 1274 3062 car·

267 3109 348 3175 ceris
363 3109 468 3194 poend
479 3111 634 3173 affatuum
654 3129 717 3172 esse
739 3107 898 3185 novimus,
914 3108 987 3172 dein
1000 3107 1112 3176 Uticae
1124 3113 1274 3176 exsulas-

263 3248 308 3292 se.
343 3227 475 3292 Diversa
490 3225 594 3292 Plauti
624 3245 691 3292 sors
713 3227 821 3292 suerat
844 3245 965 3310 quem,
991 3239 1029 3290 ut
1045 3225 1091 3290 rai
1109 3227 1268 3294 familiari

298 3468 313 3507 ι
350 3453 393 3504 De
410 3453 446 3503 L.
464 3453 498 3502 n.
515 3448 554 3514 V,
567 3451 626 3506 sos.

299 3567 315 3602 a
355 3547 384 3599 V
391 3563 479 3599 arro
495 3548 516 3601 l.
526 3546 546 3599 l.
556 3545 607 3598 Ed.
619 3546 679 3613 Bip.
690 3545 719 3600 11
735 3546 813 3615 p096.
833 3545 947 3599 Duobus
957 3545 1027 3598 locis
1037 3543 1264 3598 roesbninuasx-

263 3650 317 3699 sut
330 3640 556 3710 apudLucilium:
580 3640 665 3704 XVl,
681 3661 712 3696 ro
731 3643 831 3695 Medio
847 3659 866 3694 a
878 3639 1207 3711 pistrinoslVlli,
1220 3657 1267 3706 st.

328 3739 561 3791 Picti-inum
586 3738 763 3808 appositum,
787 3738 951 3806 posticum,
976 3736 1070 3801 sella,
1092 3737 1200 3791 culino.

264 3835 417 3887 Pistrix
434 3834 554 3886 occurrit
564 3833 673 3904 inest.
689 3832 733 3887 ιδ.

330 3934 358 3983 Ρ
368 3933 380 3982 ι’
389 3949 404 3982 s
413 3939 426 3981 l
435 3933 472 3984 ri
481 3950 496 3982 c
505 3951 520 3982 s
531 3949 558 3982 m
576 3929 722 3993 validum,
742 3931 770 3981 ss‘
785 3929 891 3981 nummi
909 3927 1132 4000 suppeditabunt
1144 3967 1156 3996 ,

330 4027 429 4081 Addat
441 4026 612 4096 empleuron,
633 4025 811 4096 mamphulas
825 4043 897 4096 quoe
911 4028 986 4080 seint
1001 4045 1105 4083 omues·

296 4126 313 4176 δ
348 4127 491 4176 Donet.
509 4125 547 4176 od
568 4127 630 4176 Ter.
653 4121 774 4194 Adelph.
794 4120 848 4185 lv,
867 4141 895 4186 a,
911 4121 958 4174 45.
