2860 4974
732 379 797 440 206

260 555 395 636 pionem
411 551 599 616 inimicitiae
624 555 755 618 lucrant
777 565 916 636 propter
937 555 1177 633 dissensionem,
1191 579 1272 642 quae

260 683 332 734 crat
365 669 401 733 in
437 668 629 753 republica,
658 673 714 748 ted
743 692 782 736 ca
813 683 977 736 manserat
1009 672 1076 737 siue
1099 675 1271 740 acerbitate

262 786 451 850 dissensi01.
498 785 670 852 Graviores
698 788 804 852 eidem
830 784 973 870 Scipioni
1005 792 1096 854 fuere
1120 811 1198 854 cum
1233 791 1269 856 C.

262 902 1269 990 CaecilioMetelloCaprario,qrrartoMacedorricifilio.

261 1018 361 1104 A'pud
396 1019 611 1086 Numantiam
642 1022 731 1086 enim
754 1019 883 1104 Scipio,
910 1041 987 1086 cum
1013 1025 1270 1090 stomacharetur

263 1159 340 1202 cum
364 1140 439 1216 illo,
459 1139 571 1203 diuisae
594 1139 733 1215 dicitur,
757 1140 792 1202 ri
813 1142 977 1225 quintum
995 1151 1139 1226 pareret
1159 1153 1270 1204 mator

263 1257 355 1342 epm,
379 1257 520 1320 aristam
535 1255 656 1342 fuisse
672 1255 921 1342 parituramt.
958 1256 1054 1323 Unde
1078 1258 1270 1343 intelligitur

263 1371 380 1438 Lucilii
404 1395 482 1437 eum
502 1393 674 1438 armorum
694 1373 820 1437 socium
836 1373 872 1436 in
888 1371 1042 1456 Hispania
1061 1375 1167 1438 fuisse.
1201 1376 1271 1438 An·

263 1511 321 1554 nos
346 1503 419 1553 tum
444 1491 512 1552 fere
536 1489 652 1574 viginti
674 1501 817 1573 quatuor
840 1503 935 1554 natus
956 1502 1037 1564 erat,
1061 1511 1098 1554 ac
1124 1491 1268 1573 primum

263 1607 398 1693 quidem
435 1605 578 1670 amicitiai
601 1606 629 1670 ei
649 1607 809 1688 junctus,
830 1606 945 1670 deinde
965 1603 1121 1688 Scipionis
1147 1607 1269 1691 gralli,

264 1725 316 1788 cui
350 1725 403 1788 illc
424 1741 626 1809 magnopere
649 1723 761 1787 multis
780 1723 822 1786 de
842 1721 942 1788 causis
963 1722 1193 1806 displicuisset,
1219 1725 1270 1788 in·

263 1844 380 1906 tensas.
426 1840 524 1905 Plura
542 1841 599 1905 etsi
620 1841 660 1904 dc
679 1859 718 1904 eo
734 1859 801 1904 non
816 1842 1006 1916 tradantur,
1030 1853 1144 1906 tamen
1164 1864 1183 1906 e
1201 1839 1270 1908 dio-
1302 1813 1308 1822 '

262 1961 303 2023 tis
330 1957 486 2042 Scipionis
515 1970 624 2042 petet,
660 1977 728 2022 non
762 1959 869 2022 solum
900 1957 1107 2022 hebetissimo
1143 1954 1270 2045 ingenio

263 2077 369 2152 irrisae,
389 2079 445 2140 sed
465 2076 564 2139 etiam
583 2070 865 2158 impudentissimo
877 2071 1012 2148 anino,
1035 2076 1094 2160 qui
1115 2097 1221 2160 quum
1237 2076 1270 2140 in

263 2195 415 2270 militari,
437 2206 474 2257 ut
491 2193 637 2268 videtur,
662 2190 817 2256 concione
836 2211 902 2255 non
920 2192 1100 2258 erubuisset
1123 2193 1192 2258 alui
1211 2214 1271 2260 ra-

262 2333 298 2377 cc
325 2333 442 2395 poenas
473 2312 649 2394 conqueri,
669 2310 729 2373 sibi
759 2309 801 2372 ab
820 2309 1018 2392 imperatore
1037 2310 1199 2386 inflictas,
1222 2312 1269 2378 in·

263 2430 412 2513 dignatus
432 2428 646 2492 inverecunde
669 2428 906 2490 declamantem
934 2428 1130 2492 exclamarit
1150 2425 1271 2513 Scipio:

265 2545 427 2613 alicacine
441 2545 607 2621 servituti,
632 2565 733 2628 quam
745 2545 782 2608 iis
794 2544 936 2608 Annibal
949 2546 1183 2622 minitabatur,
1206 2547 1273 2611 cri·

263 2661 339 2748 pull
363 2682 443 2728 cone
459 2662 617 2726 beneficio
633 2659 726 2747 digni
743 2675 838 2726 erant
858 2662 916 2745 qui
928 2663 1133 2728 afficerentur
1147 2663 1176 2725 l»
1213 2667 1272 2729 At·

263 2803 328 2869 que
351 2785 404 2848 ille
425 2803 544 2866 parum
566 2794 750 2846 commotus
773 2782 958 2863 respondit:
996 2781 1109 2846 «Eam
1133 2783 1271 2848 liberta·

262 2915 358 2976 tem,
376 2921 477 2986 quam
502 2898 594 2962 nobis
616 2897 760 2980 parasti,
784 2897 850 2960 noli
872 2897 965 2960 nobis
986 2897 1130 2962 invidere
1154 2913 1213 2962 aut
1237 2899 1269 2962 in

261 3018 452 3082 servitutem
473 3027 639 3079 mutare.»
685 3013 832 3077 Fortasse
847 3012 1043 3078 dissolutiori
1064 3015 1149 3078 ritae
1161 3015 1271 3101 generi

264 3135 297 3198 in
318 3135 429 3198 castris
448 3131 598 3196 Metellus
622 3130 676 3194 ille
705 3143 867 3206 assuetus,
892 3129 1035 3215 Scipioni
1054 3153 1140 3198 noro
1162 3131 1272 3216 impa-

263 3253 383 3325 ratori,
401 3252 458 3335 qui
473 3251 639 3322 edixerat,
664 3261 702 3312 ut
721 3247 832 3311 omnia
852 3248 972 3322 erbis,
997 3270 1080 3331 quae
1099 3250 1271 3332 voluptatis

264 3365 358 3432 cauri
380 3377 570 3449 comparata
592 3378 710 3442 erant,
734 3369 941 3430 auferrentur
962 3387 1000 3430 ac
1020 3385 1271 3433 summoverun-

263 3485 367 3559 turss,
403 3485 490 3548 dicto
513 3484 645 3546 audiens
678 3503 745 3544 non
778 3481 842 3546 suit
876 3497 908 3545 et
935 3503 1053 3566 poenas
1076 3503 1192 3568 graves
1214 3483 1271 3548 sibi

266 3633 439 3644 u———-—
450 3633 544 3640 ——--·

300 3728 308 3759 ι
351 3707 662 3776 Oic.tae1.21.77.
699 3705 1267 3775 Dstttp.t,19‚51.1)s(2ffil,25,

262 3805 305 3874 87.
324 3806 367 3857 Εἰ.
392 3807 442 3857 l'a
455 3805 475 3854 I.
496 3805 594 3853 Mur.
617 3802 668 3862 lV,
695 3820 718 3860 r,
739 3819 780 3854 η.

300 3921 313 3954 2
348 3903 391 3951 De
411 3903 492 3951 Ora!-
514 3899 556 3960 ll,
577 3899 620 3954 66.
643 3899 700 3964 267.

297 3999 314 4048 3
349 3995 1267 4064 Polyaan.vltl,16,2.Vatttnxll,7,1.tie.

264 4098 341 4162 Epir.
360 4091 401 4160 57.
422 4093 447 4138 P
459 4091 470 4140 I
480 4111 495 4140 u
511 4102 533 4140 t·
552 4093 699 4160 Apoptrh.
720 4109 747 4156 p.
766 4091 816 4158 758
834 4111 893 4159 sqq·
