2888 4972
802 403 868 467 222

330 579 385 644 llis
401 577 542 644 versibus
563 578 696 644 Burtbio
710 579 795 644 risus
814 593 862 643 est
882 576 1004 662 opponi
1029 591 1121 661 pater
1146 575 1350 662 parcusfilio

329 696 468 783 prodigo
486 697 512 761 ¹.
558 695 674 781 ltaque
705 695 825 782 corrigi
848 695 972 779 placuit
1000 691 1084 759 liud.
1110 691 1211 760 Junio
1233 696 1346 784 hujus

330 815 536 880 παναίθον
547 812 569 879 i.
585 835 613 878 e.
626 813 798 898 splendidi.
810 811 1045 897 Intelligendus
1057 824 1169 876 autem
1180 815 1270 878 baud
1284 817 1347 878 du·

329 931 383 995 bie
395 944 442 996 est
455 932 494 998 L.
508 930 695 997 Aurelius
709 929 840 1006 Cotta,
852 951 953 1014 quem
965 930 1140 994 tribunum
1149 931 1253 1012 plebis
1266 931 1344 996 fuit-

328 1069 361 1112 se
371 1046 548 1132 accipimus
560 1043 785 1135 aoooptt),
800 1050 966 1112 consulem
980 1067 1009 1110 a.
1023 1045 1205 1136 otosttl),
1219 1048 1344 1132 quique

332 1187 399 1252 quo
411 1181 559 1251 tempore
571 1169 651 1229 baec
663 1167 784 1248 scripta
796 1187 813 1228 a
837 1165 965 1230 Lucilio
978 1167 1124 1240 fuerunt,
1140 1179 1342 1230 senectutem

331 1283 494 1369 attigerat.
517 1280 696 1347 Memoriae
708 1282 879 1364 proditum
891 1294 960 1357 est,
973 1298 1051 1346 oum
1063 1295 1268 1346 sacrosancta
1281 1302 1343 1364 po·

331 1412 444 1464 testate
458 1399 633 1464 tribunicia
641 1402 744 1462 fretus
753 1395 807 1462 ille
824 1397 1201 1462 creditoribusnoluissct
1213 1399 1345 1464 satissa-

275 1509 277 1514 ’
331 1537 423 1592 cere,
446 1515 659 1580 tribunorum
682 1515 859 1601 collegium
879 1513 1077 1589 decrevisse,
1100 1515 1127 1578 si
1148 1535 1256 1598 neque
1276 1517 1344 1580 sol-

333 1645 424 1698 reret
445 1631 641 1716 pecuniam,
676 1653 783 1716 neque
810 1633 903 1696 daret
926 1651 1004 1695 cum
1037 1651 1104 1717 quo
1130 1633 1260 1715 sponsio
1281 1635 1343 1698 lie-

332 1762 402 1825 ret,
435 1771 468 1814 se
499 1749 737 1833 appellantibus
765 1769 842 1814 eum
872 1747 1085 1815 creditoribus
1108 1749 1229 1814 amilio
1253 1755 1342 1814 iutu-

332 1884 422 1932 rum.
466 1866 625 1951 Iniquum
641 1866 731 1930 enim
752 1865 930 1950 putabant,
953 1867 1156 1949 majestatem
1175 1864 1342 1950 publicam

332 1985 477 2068 privatae
513 1984 669 2067 perfidiae
697 1983 846 2047 obtentui
881 2003 970 2060 esse,
1004 2003 1148 2067 eumque
1172 1981 1208 2046 in
1233 1983 1342 2048 tribn-

333 2115 412 2166 natu
445 2101 535 2186 quasi
558 2102 593 2164 in
610 2101 720 2185 aliquo
735 2099 876 2164 sacrario
891 2102 992 2164 latere
1004 2099 1032 2166 t,
1078 2071 1263 2166 Conficitur
1282 2103 1344 2165 boc

333 2219 538 2293 testimonio,
562 2219 651 2304 quod
676 2217 820 2281 Lucilius
836 2217 967 2291 indicat,
988 2237 1159 2282 morosum
1173 2219 1343 2283 fuissebo-

333 2336 459 2399 minem
497 2348 530 2397 et
554 2335 595 2396 ad
622 2334 850 2410 reddendum,
874 2333 964 2417 quod
984 2345 1142 2398 mutuum
1161 2345 1342 2409 sumserat,

334 2439 515 2538 aegerrime
540 2451 714 2514 accessisse.
757 2450 852 2515 Idem
872 2462 1084 2517 veteratore
1106 2449 1264 2517 Cioerone
1283 2473 1344 2536 tp·

333 2571 471 2653 pullatus
505 2579 573 2645 est,
603 2568 681 2652 quia
703 2567 815 2631 callide
849 2568 1078 2656 subterfugere
1100 2589 1220 2651 poenas
1242 2589 1344 2636 nore-

334 2698 387 2750 rat
397 2685 426 2750 ³.
488 2685 599 2769 Atque
625 2683 777 2748 avaritiae
810 2685 946 2769 quidem
980 2685 1114 2751 nomine
1142 2685 1178 2749 Ρ.
1203 2683 1345 2770 Scipioni

335 2801 520 2867 Aemiliano
547 2803 633 2865 male
664 2801 826 2867 audiebat.
871 2799 957 2868 Nam
978 2823 1104 2888 quum,
1137 2807 1344 2870 eonsulatum

334 2925 487 3004 adeptus,
511 2939 589 2986 cum
603 2921 727 3005 collega
739 2917 808 2986 Ser.
823 2918 967 3004 Sulpicio
979 2920 1076 2986 Gallo
1093 2923 1126 2986 in
1138 2935 1253 2987 senatu
1264 2943 1346 2988 con-

334 3041 503 3115 tenderet,
532 3049 608 3102 uter
637 3038 788 3101 adversus
809 3036 1019 3116 Viriathum,
1043 3038 1261 3104 fortissimum
1282 3043 1346 3104 du·

335 3168 459 3218 comet
483 3152 716 3217 Lusitanorum
737 3153 952 3231 defensorem,
975 3156 1010 3219 in
1027 3154 1218 3239 Hispaniam
1231 3157 1345 3221 mitte-

335 3282 448 3346 retur,
472 3291 510 3334 ao
520 3291 643 3356 magna
658 3270 745 3334 inter
758 3283 864 3354 putres
878 3272 1075 3355 conscriptos
1086 3272 1239 3338 dissensio
1249 3287 1344 3348 estet,

335 3397 519 3464 neutrum,
551 3387 660 3472 aiebat
690 3385 821 3472 Scipio,
853 3387 950 3453 mibi
978 3392 1081 3454 mitti
1105 3390 1237 3476 ploret,
1261 3395 1343 3478 quio

334 3503 428 3569 ulter
449 3503 548 3567 sitit
570 3504 689 3581 babet,
713 3505 824 3570 alteri
845 3506 945 3572 atttt
967 3519 1018 3572 set
1029 3509 1130 3571 rotie.
1154 3505 1235 3592 Quo
1245 3509 1339 3580 dicto,

336 3635 375 3685 ut
401 3613 519 3684 neuter
541 3621 575 3683 in
598 3621 803 3704 provinciam
825 3625 1030 3700 mitteretur,
1049 3623 1196 3689 effecit⁴.
1233 3623 1344 3710 Neque

374 3861 384 3894 ι
424 3844 497 3896 Auv.
515 3841 661 3910 XL1‚15·

371 3954 388 3988 α
428 3935 799 4002 rar.raas.v1,5,t.

371 4032 390 4084 8
423 4035 494 4084 Oic-
513 4038 596 4087 Brut.
617 4035 663 4098 18,
681 4035 726 4090 81.

371 4127 389 4179 b
430 4129 799 4196 reumatibus.
