2888 4972
743 363 807 424 276

297 537 461 600 vor-inrum
490 555 602 600 rerum
631 548 774 600 saturus
808 539 901 600 ludos
924 537 994 600 illos
1028 558 1093 602 esse
1113 541 1306 622 appellatus,

294 656 351 718 sed
382 668 504 718 saturas
528 655 633 718 modis
656 655 806 738 impletas
827 655 948 737 opponi
966 655 1048 738 jocis
1066 656 1306 740 incompositis,

296 749 509 838 Fescennino⁸
526 795 616 840 versu
637 775 766 858 jactetis
791 788 824 840 et
839 776 1030 863 α’μοιβαίοις.
1079 774 1214 840 Necesse
1243 777 1300 863 igi·

296 904 350 954 tur
375 892 620 967 existimemus,
640 907 764 958 saturus
782 893 850 958 illas
867 914 928 958 nec
942 894 1022 978 iocis
1042 892 1179 960 rudibus
1209 911 1242 959 et
1260 896 1307 959 in-

294 1009 455 1084 conditis,
486 1031 547 1074 nec
572 1011 778 1077 Fescenninis
802 1011 945 1076 versibus
975 1013 1172 1088 constitisse,
1203 1035 1308 1098 neque

298 1147 375 1192 sero
396 1128 548 1192 alteruis
568 1128 639 1192 ceni
663 1129 871 1194 consuevisse.
906 1129 1074 1196 Histrionis
1098 1132 1234 1218 quidem
1252 1153 1309 1196 no·

296 1267 374 1308 rnen
398 1268 415 1310 e
437 1246 549 1332 lingna
566 1246 703 1312 Etrusca
727 1246 836 1311 Livius
863 1261 896 1311 et
915 1247 1063 1312 Valerius
1083 1250 1306 1333 repetierunt3

296 1363 408 1428 Festus
440 1366 557 1441 docet,
592 1364 694 1429 dictes
726 1387 792 1430 esse
822 1365 1012 1443 histriones,
1048 1369 1138 1453 quod
1160 1368 1308 1450 primum

296 1502 332 1546 er
368 1480 489 1547 Histris
515 1482 684 1560 venerint3
722 1481 863 1547 isidorus
897 1501 975 1548 vero
1006 1484 1159 1555 dubitet.
1195 1498 1307 1550 utrum

295 1599 340 1664 sic
368 1599 447 1664 dicti
481 1599 622 1674 suerint,
658 1601 747 1683 quod
775 1599 817 1664 nb
846 1598 968 1664 Histrio
998 1603 1129 1666 adducti
1152 1603 1237 1679 sint,
1269 1625 1309 1666 an

295 1719 385 1802 quod
416 1719 585 1800 perplexas
614 1716 753 1780 historiis
789 1716 916 1782 fabulas
947 1720 1191 1802 exprimerent,
1220 1721 1308 1806 qussi

298 1833 488 1899 historiones
499 1833 526 1898 ¹.
551 1832 702 1918 Quarum
715 1834 969 1917 explicationem
981 1851 1133 1902 neutram
1145 1859 1222 1904 sane
1234 1859 1308 1922 pro-

297 1952 436 2030 bamen
461 1952 544 2018 illud
561 1964 653 2017 extre
672 1951 828 2029 dubium,
851 1965 939 2018 recte
951 1975 1028 2018 eum
1052 1955 1207 2020 indicasse
1223 1957 1308 2040 quod

296 2069 529 2135 intellexerunt
549 2070 659 2136 Livius
680 2083 713 2134 et
733 2069 892 2137 Valerius.
939 2071 1044 2136 Erant
1066 2074 1156 2137 enim
1182 2089 1308 2140 saturae

295 2189 368 2252 illue
383 2186 535 2275 fabulae
557 2190 724 2253 historiis
742 2190 949 2276 perplexas,
981 2191 1126 2256 mixtum
1144 2214 1184 2257 ac
1204 2193 1309 2258 vet'ie·

294 2321 411 2393 gelum
433 2306 620 2370 fabularum
644 2329 765 2392 genus,
788 2309 876 2372 haud
898 2307 1074 2372 invenustis
1093 2310 1174 2394 jocis
1198 2331 1238 2375 uc
1258 2331 1309 2375 ss-

296 2423 380 2487 libus
400 2424 590 2499 conditum,
614 2437 647 2488 et
670 2426 722 2490 rel
741 2446 779 2488 ex
793 2423 1000 2509 quotidianae
1012 2425 1096 2490 ritae
1108 2425 1206 2492 rebus
1216 2430 1308 2492 hstis-

299 2556 391 2618 tum,
422 2544 474 2605 vel
502 2542 543 2606 ed
572 2543 751 2606 earundem
784 2563 897 2606 rerum
925 2542 1173 2608 similitudinem
1196 2545 1309 2610 leviter

295 2660 424 2722 fictum.
463 2657 609 2724 Fortasse
637 2659 759 2735 etiam,
792 2661 881 2743 quod
913 2657 1040 2724 Munko
1075 2661 1200 2739 visum,
1226 2663 1309 2728 salsis

298 2774 521 2850 irrisionibus,
543 2774 687 2838 ridiculis
710 2772 1001 2861 ambiguitatibus,
1032 2777 1197 2844 obscoenis
1220 2780 1309 2844 dictis

297 2893 544 2977 proverbiisque
557 2893 790 2972 constiterunt,
804 2915 912 2979 neque
923 2894 1040 2960 nature
1056 2895 1225 2961 dissimiles
1237 2901 1309 2962 sne·

298 3026 378 3076 runt
391 3011 485 3098 nugis
508 3010 584 3086 istis,
608 3010 726 3095 quibus
747 3012 842 3075 hodie
861 3012 958 3076 etiem
971 3013 1054 3078 Itala
1066 3013 1156 3097 plebs
1168 3014 1309 3080 veneriis

298 3129 504 3213 potissimum
539 3142 572 3192 et
594 3125 727 3211 Neapoli
760 3131 902 3215 gaudere
917 3134 1008 3196 solet.
1056 3131 1176 3196 Medis
1201 3147 1308 3198 autern

300 3246 464 3333 impletae
490 3248 662 3323 dicuntur,
698 3251 788 3333 quod
820 3261 919 3314 cantu
952 3263 986 3313 et
1005 3250 1130 3314 actione
1149 3252 1309 3316 exhilaro-

301 3365 433 3428 buntur.
457 3361 650 3448 Quaeritur,
669 3377 784 3430 utrum
797 3366 934 3430 fabellae
952 3367 1040 3446 illae,
1056 3389 1140 3454 quse
1152 3383 1310 3452 perpetuo

299 3494 499 3570 argumento
519 3482 691 3559 carebant,
712 3482 780 3550 siue
810 3487 876 3548 ulla
895 3485 1104 3551 meditatione
1120 3485 1234 3552 subito
1257 3489 1311 3552 fu-

294 3623 352 3666 sae
385 3598 508 3664 inerint
537 3619 579 3662 en
611 3601 822 3667 meditatione
859 3618 971 3686 punse
1004 3617 1038 3670 et
1069 3604 1309 3688 compositast.

305 3777 487 3792 -n----.-.--.
499 3781 520 3788 ο

338 3894 348 3929 t
389 3881 487 3950 Origg·
508 3879 626 3945 lell,
644 3881 688 3936 48.

338 3991 352 4026 2
393 3978 451 4026 Sti
457 3995 515 4029 eve
534 3980 566 4030 (Is
585 3981 626 4030 rei
642 3999 718 4032 scen.
746 3998 792 4050 ap.
806 3983 889 4034 Rom.
900 3983 971 4051 orig.
984 4001 1009 4049 p.
1024 3983 1069 4036 4⁴.
1087 3983 1132 4036 Cf.
1146 3986 1180 4034 M
1186 3984 1255 4036 uni

299 4091 329 4138 l'·
352 4072 380 4122 ’ἦ
393 4073 462 4142 t⁵9)·
