2894 4986
757 383 797 445 72

275 564 392 628 similia
417 564 507 630 nobis
542 561 686 646 prodidit
716 559 900 626 Macrobius
932 582 972 626 er
1007 559 1082 623 Titii
1106 558 1275 636 oratione,

276 703 341 767 qua
363 681 521 746 Fanniam
536 682 641 767 legem
659 679 773 742 eodem
793 681 897 743 ferme
908 677 1181 762 temporesuasit3
1196 699 1276 742 nam

274 801 311 877 is,
336 822 464 878 mores,
486 797 604 884 quibua
621 795 767 882 plerique
777 796 864 886 {tunc
885 796 1009 862 Romae
1029 796 1193 872 vivebant,
1216 797 1278 860 de·

273 919 461 1003 scripturus,
486 917 631 981 homines
655 916 781 1004 prodigi
804 917 838 978 in
867 919 977 980 lorum
1000 918 1040 981 ad
1059 915 1277 999 judicandum

277 1037 358 1102 ebrii
393 1050 611 1102 commeantes
644 1035 751 1120 qualia
772 1038 912 1100 solerent
933 1035 1017 1100 inter
1029 1056 1062 1099 se
1074 1033 1277 1099 sermocina-

274 1156 315 1233 ri,
338 1156 386 1220 lris
411 1155 514 1221 verbis
537 1157 652 1218 refert:
678 1153 845 1220 «Ludunt
867 1153 952 1226 aleal,
974 1151 1111 1218 studiose
1121 1172 1278 1238 unguen-

272 1274 311 1338 tis
345 1272 497 1348 delibuti,
524 1273 635 1338 scortis
658 1272 788 1355 stipati,
820 1270 878 1335 ubi
906 1273 1004 1336 horae
1033 1273 1146 1335 decem
1174 1283 1274 1348 sunt;

268 1393 387 1478 jubent
403 1414 544 1477 puerum
565 1391 672 1457 vocari
696 1406 734 1455 ut
756 1391 926 1456 comitium
949 1406 1001 1456 eat
1023 1403 1275 1474 percunctatum

273 1513 352 1596 quid
387 1511 421 1576 in
457 1515 528 1576 loro
550 1525 679 1598 gestum
700 1510 764 1586 sit,
789 1511 845 1595 qui
867 1509 1046 1586 suaserint,
1071 1509 1128 1594 qui
1151 1509 1278 1576 dbsua·

271 1631 393 1706 serint,
417 1643 498 1714 quot
520 1629 624 1694 tribus
643 1629 810 1712 jusserint,
834 1641 916 1713 quot
939 1627 1118 1693 vetuerint:
1143 1628 1218 1694 inde
1234 1631 1277 1694 ad

272 1748 444 1812 comitium
464 1749 609 1825 vadunt,
631 1769 673 1812 ne
696 1747 786 1811 litem
804 1768 898 1811 suam
922 1746 1060 1810 faciant:
1084 1749 1166 1810 dum
1181 1757 1275 1822 eunt,

271 1868 362 1930 nulla
386 1879 433 1931 est
456 1866 489 1930 in
509 1866 682 1954 angiporta
701 1867 869 1948 amphora,
893 1887 994 1950 quam
1018 1885 1084 1929 non
1105 1865 1274 1950 impleant,

271 1985 392 2070 quippe
414 1984 471 2070 qui
494 1985 632 2050 vesicam
652 1988 784 2069 plenam
803 1984 868 2050 vini
883 1985 1033 2050 habeant.
1077 1983 1224 2051 Veniunt
1240 1985 1276 2050 in

271 2104 446 2169 comitium
462 2105 577 2182 tristes,
596 2103 715 2190 jubent
731 2105 857 2170 dicere:
881 2124 1023 2189 quorum
1034 2103 1204 2190 negotium
1216 2117 1275 2180 est,

272 2223 397 2288 dicunt:
418 2224 519 2308 judex
531 2237 623 2288 testes
635 2223 754 2306 poscit:
778 2223 864 2305 ipsus
876 2223 901 2286 it
910 2223 1074 2288 minctum
1085 2245 1093 2300 3
1108 2222 1165 2286 ubi
1177 2223 1275 2302 redit,

270 2343 315 2404 nit
335 2361 368 2404 se
392 2340 503 2404 omnia
525 2340 700 2416 audivisse,
731 2340 856 2406 tabulas
878 2341 990 2424 poscit,
1007 2341 1113 2406 literas
1129 2340 1274 2425 inspicit:

271 2456 325 2523 vix
351 2478 429 2540 prae
460 2458 537 2522 vino
562 2457 696 2523 sustinet
725 2458 909 2541 palpebras:
939 2459 1029 2523 eunti
1052 2460 1087 2522 in
1103 2459 1275 2524 cumdium

271 2575 316 2640 ibi
340 2577 419 2640 haec
442 2576 555 2641 oratio.
593 2575 691 2665 Quid
712 2577 949 2666 millinagotii
961 2579 1196 2643 oraemissis
1205 2601 1278 2643 nu·

266 2696 432 2784 gadibus?
455 2718 559 2782 quam
566 2698 687 2782 potius
695 2709 859 2783 potamus
870 2698 1022 2762 mulsum
1033 2701 1276 2763 mictumvs'no

271 2811 415 2892 Graeco,
439 2812 571 2878 edimus
596 2813 740 2878 turdum
758 2817 937 2904 pinguem,
950 2815 1276 2903 bonumqueps'scem

272 2933 682 3022 lupumgermcuum,qui
691 2937 785 2998 inter
793 2934 1272 3023 duosponteaccptuafuiti¹a

270 3053 375 3118 lalana
396 3053 466 3138 quis
487 3055 597 3117 credat
617 3065 685 3116 tam
702 3053 812 3140 gravia
834 3054 910 3119 vitia
918 3056 988 3138 jam
1006 3068 1079 3118 tum
1102 3055 1268 3121 inolevisse

272 3171 468 3254 reipublicae
485 3170 673 3236 Romanae?
695 3169 836 3256 Sedjam
853 3186 927 3236 ante
940 3171 1022 3238 Cato
1035 3173 1156 3258 quibus
1169 3174 1275 3240 verbis

271 3290 447 3372 disputavit
463 3291 497 3354 in
513 3291 765 3356 immoderatam
783 3292 968 3376 aequalium
993 3291 1206 3356 luxuriant?
1230 3295 1275 3360 m

272 3407 538 3472 veroinreterata
559 3411 671 3474 eadem
697 3409 773 3475 vitia
797 3410 959 3494 compesci
970 3431 1036 3475 non
1056 3411 1195 3495 amplius
1211 3433 1277 3496 po-

272 3537 417 3601 tuerunt,
432 3528 604 3608 postquam
619 3527 743 3592 assidua
765 3549 878 3592 rerum
898 3549 1051 3612 prospere
1069 3528 1145 3593 loris
1166 3544 1275 3616 gesta-

272 3663 350 3708 rum
361 3641 540 3707 constantia
550 3664 646 3708 nores
659 3647 854 3712 calamitates
863 3647 947 3710 intus
959 3646 1125 3712 debilitato
1137 3647 1276 3732 imperio

270 3762 436 3828 intulerat.
456 3760 550 3825 Brevi
567 3761 655 3826 euim
674 3763 810 3828 maximi
828 3765 987 3848 triumphi
1000 3767 1114 3830 eodem
1126 3779 1274 3851 tempore

277 3951 361 3962 σ----’Δ

308 4067 316 4101 r
361 4051 477 4101 Satura·
497 4047 540 4110 ll,
560 4066 602 4102 rr.
623 4051 676 4106 cu.
696 4051 940 4107 Sammonici
958 4057 1039 4109 rerba
1058 4073 1083 4107 c.
1105 4053 1145 4106 13.

307 4165 322 4198 2
359 4147 412 4199 Id.
431 4147 490 4199 eod.
511 4144 551 4210 ll,
573 4164 614 4199 ro.
