2860 4974
584 403 644 464 tet

111 597 295 664 eorrgressus
328 596 513 662 cognomen
535 577 679 652 nretuit,
711 577 795 640 libro
818 573 992 641 undecimo
1024 597 1121 641 nten-

112 693 232 758 tionem
245 697 366 758 saetam
380 692 471 758 esse¹
485 737 494 771 ,
514 694 625 758 testim
638 694 763 758 notavit
779 695 857 759 ficto
869 695 1003 758 nornine
1017 716 1123 778 pepe·

113 825 239 876 teretes
251 825 343 896 togae
354 847 400 859 -··
417 819 587 894 μηκωνῖτις
610 810 734 876 Graece
752 811 928 876 dicitur-
947 811 1122 875 mollitiem

112 930 199 1012 eius,
220 927 277 1012 qui
310 929 371 992 hae
402 943 489 992 reste
515 925 644 1011 primue
668 929 835 1011 prodiisset
858 929 1010 1004 indutus,
1034 927 1123 992 Tor-

115 1045 213 1129 quati.
266 1043 352 1112 Utut
384 1057 448 1121 est,
496 1045 663 1110 rideamus
697 1045 823 1130 potiut,
861 1067 945 1130 quse
974 1047 1043 1111 ueri
1073 1047 1122 1111 sui

116 1160 192 1228 ritis
217 1162 392 1246 praecipue
415 1163 586 1246 carpserit,
610 1183 694 1248 quse
717 1163 892 1228 hominurn
919 1185 1039 1250 genera
1070 1165 1125 1228 in-

114 1295 252 1346 rectatus
272 1279 314 1344 sit
337 1279 493 1344 Lucilius.

159 1514 207 1582 Ut
229 1514 378 1579 universe
404 1515 517 1580 virtuti
539 1517 672 1599 ejusque
695 1516 840 1580 studiosis
864 1536 1009 1600 aequum
1032 1515 1127 1580 luisse

118 1633 267 1707 uidimus,
291 1631 337 1696 ite
356 1631 391 1694 in
408 1634 667 1698 commendanda
691 1633 843 1715 pietate
866 1653 904 1697 ee
927 1633 1129 1719 religione

119 1739 491 1833 Deorumpraesertirn
511 1762 655 1816 versutus
672 1764 729 1817 est.
758 1749 843 1827 llee,
858 1751 984 1836 ejebnt,
995 1753 1020 1816 si
1034 1752 1131 1835 prin·-

119 1870 203 1952 eipes
216 1866 355 1934 civitatis
367 1869 429 1932 viri
439 1869 616 1944 stetissent,
640 1869 761 1934 hancei
784 1871 927 1935 venerati
947 1869 1081 1935 striesent
1098 1883 1132 1935 et

120 1987 273 2073 singulari
294 1988 419 2050 honore
436 1986 627 2061 coluissent,
647 2008 714 2050 non
735 1990 914 2052 verendum
938 1989 1062 2062 luisset,
1089 2009 1130 2050 ne

122 2104 313 2188 impuritate
335 2125 373 2168 ec
396 2103 548 2186 perjuriis
579 2104 679 2168 ritem
699 2103 920 2186 inquinassent
938 2125 975 2169 sc
997 2121 1133 2188 rempu-

123 2222 241 2288 blicam
276 2221 509 2288 lnbesecissent.
565 2221 732 2286 Jeoentem
768 2222 869 2308 igitur
907 2222 1062 2306 pietatem
1096 2236 1135 2287 ut

123 2341 278 2406 excitaret
309 2338 347 2404 in
387 2338 522 2415 enirnis,
570 2360 687 2422 operae
727 2340 871 2422 pretium
904 2361 938 2406 se
965 2343 1134 2407 laetorum

124 2457 346 2533 existimavit,
364 2457 408 2533 si,
426 2476 510 2540 quae
534 2457 771 2540 impedimento
793 2473 898 2523 essent
917 2458 985 2544 ejus
1007 2459 1135 2524 uirtutis

124 2575 230 2640 studio
253 2586 287 2638 et
312 2571 486 2649 exercitio,
506 2587 606 2658 etque
634 2574 798 2656 impietati
823 2575 941 2639 blande
967 2573 1137 2641 lenocina-

126 2708 260 2767 rentur,
290 2693 403 2756 tollere
425 2690 554 2773 penitet
576 2703 609 2754 et
625 2691 781 2756 radicitus
801 2693 979 2775 exstirpare
1000 2713 1139 2757 conere-

127 2825 191 2876 tur.
214 2807 399 2875 Obsteheut
418 2821 529 2874 eutem
553 2805 742 2895 gravissime
763 2807 852 2874 veris
869 2810 1137 2892 superstitionum

127 2947 267 3012 genere,
302 2922 423 3008 quibus
456 2937 583 2990 mentes
612 2925 821 3009 praestrictae
853 2946 976 2991 evero
990 2925 1137 2992 Deorum

129 3047 238 3120 cultu,
252 3042 296 3108 ab
307 3043 379 3108 utili
392 3043 590 3127 honesteque
602 3043 668 3109 vite
679 3043 950 3108 abalienabantur
957 3043 985 3110 ².
1009 3042 1138 3108 Horum

129 3161 263 3246 ineptius
287 3159 472 3236 deridebat,
498 3159 565 3224 sire
585 3157 622 3224 in
642 3181 781 3245 precum
805 3161 955 3226 formulis
981 3161 1141 3228 tteletitiis

128 3279 371 3366 acquiescerent
406 3297 587 3362 eurumque
612 3278 769 3364 religione
800 3279 957 3344 contineri
982 3280 1139 3364 pietatem

130 3399 354 3466 existimarent
364 3394 392 3471 ³,
414 3394 482 3462 sive
504 3393 586 3460 votis
609 3417 646 3460 es
667 3396 729 3461 sibi
752 3397 850 3462 aDiis
867 3413 1141 3484 apprecarentur,

165 3745 179 3786 t
218 3732 333 3802 Fragrn.
354 3729 411 3792 xl,
430 3749 458 3800 7.
485 3729 540 3784 clr.
559 3733 588 3784 1.
611 3733 805 3786 Gulielm.
831 3735 925 3787 Veris.
947 3733 990 3798 ll,
1009 3754 1036 3805 7.
1063 3735 1144 3788 eat-

133 3846 214 3882 mae.
232 3829 336 3879 Exere·
353 3828 434 3880 Ptin.
455 3825 501 3881 cl.
519 3845 547 3894 p.
565 3827 627 3898 793.

166 3943 183 3978 2
219 3921 287 3992 Sup.
307 3941 337 3990 p.
353 3922 397 3996 75.
425 3927 566 3994 Ignavum
582 3928 812 3997 superstitionem
830 3928 902 3997 apud
921 3925 1096 3983 numantina
1114 3931 1143 3983 iu

134 4022 231 4076 cestris
254 4027 429 4089 cognoceret.
453 4019 499 4075 ct.
520 4039 548 4090 p.
570 4022 615 4075 15.

168 4121 186 4172 5
222 4117 291 4186 Sup.
311 4137 337 4186 p.
359 4117 418 4172 165.
