2888 4972
530 433 534 440 .
628 361 690 422 237

159 537 289 601 tatem?
335 536 450 618 ltaque
482 549 514 598 et
547 549 682 617 propter
714 537 798 598 banc
833 537 919 600 haud
940 557 1016 598 sane
1037 537 1167 603 inanem

159 654 333 717 hominum
366 651 577 734 opinionem,
608 665 641 716 et
668 665 705 715 ut
727 665 813 718 recte
839 651 1002 721 Ciceronis
1022 654 1056 718 in
1076 675 1114 718 ea
1133 675 1169 716 re

156 793 225 836 non
257 785 380 836 temere
409 769 622 853 rejiciendam
641 771 870 837 auctoritatem
892 771 1169 854 interpretemur,

157 911 283 954 necesse
304 901 351 952 est
371 901 415 952 nt
432 899 582 970 tempora
605 889 666 951 rite
689 887 936 974 distinguamus.
968 890 1067 954 Laelii
1079 890 1169 954 enim

157 1019 190 1069 et
215 1005 401 1088 Scipiones,
431 1025 498 1088 quo
523 1003 827 1087 temporeLucilius
840 1020 935 1070 natus
956 1020 1042 1082 erat,
1059 1021 1169 1072 matu·

161 1145 232 1188 ram
265 1126 336 1206 jam
370 1122 546 1208 attigerant
569 1136 728 1196 aetatem,
764 1137 798 1188 et
832 1145 938 1207 quum
959 1125 1012 1188 ille
1036 1128 1077 1190 ad
1093 1127 1168 1190 ado-

159 1241 344 1306 lescentiam
375 1254 589 1323 pervenerat,
621 1241 655 1304 hi
678 1241 895 1308 senescebant.
942 1241 1169 1327 Quamobrem

162 1360 294 1422 illorum
323 1359 381 1422 llos
411 1359 446 1422 in
466 1358 582 1424 florem
603 1359 800 1440 reipublicae
825 1373 857 1423 et
880 1360 1027 1446 vigorem
1050 1361 1170 1426 incide-

163 1476 229 1554 bat,
253 1484 360 1562 quum
384 1475 566 1558 priscarum
589 1475 749 1540 virtutum
773 1480 998 1559 splendorem,
1021 1477 1171 1564 quoillo-

160 1616 236 1659 rum
261 1597 416 1678 juventus
444 1593 615 1678 omnisque
639 1593 706 1658 vita
740 1594 899 1662 illustrata
924 1608 986 1671 est,
1021 1597 1170 1660 nondum

161 1713 286 1776 irruens
323 1710 574 1798 peregrinorum
599 1731 731 1776 morum
760 1712 899 1776 imitatio
932 1713 1170 1779 obscuraverat.

162 1829 293 1905 Virtus,
311 1831 406 1905 fides,
431 1831 610 1894 comtantia
628 1831 662 1893 in
684 1832 809 1894 honore
827 1844 939 1906 erant;
965 1853 1015 1894 eas
1038 1845 1075 1896 ut
1093 1851 1174 1914 pro-

163 1949 342 2014 fitebantur
368 1951 506 2032 majores
540 1962 640 2025 natu,
674 1949 718 2012 ita
738 1947 905 2031 juventuti
929 1952 1080 2031 exemplo
1098 1970 1170 2012 mo-

162 2067 300 2152 nitisque
327 2081 360 2130 et
386 2067 552 2131 laudandis
581 2068 747 2149 majorum
780 2065 935 2130 institutis
956 2069 1169 2132 commenda-

161 2185 253 2249 bant:
279 2183 470 2267 praesertim
483 2184 619 2267 pietate,
644 2184 793 2268 vitaeque
806 2205 883 2248 cum
895 2184 1083 2262 sanctitate,
1096 2198 1169 2248 turn

158 2303 365 2386 simplicitate
389 2300 551 2384 principes
572 2301 796 2377 excellebant,
821 2324 965 2386 quorum
989 2303 1170 2388 incorrupti

147 2443 267 2486 -mores
288 2435 321 2485 et
340 2419 457 2484 nobilis
476 2420 675 2485 concertatio
696 2421 729 2484 in
752 2420 801 2485 sui
826 2434 858 2485 et
872 2422 1123 2502 admirationem
1136 2437 1169 2488 et

158 2536 413 2602 aemulationem
441 2540 604 2620 populum
628 2538 888 2602 adhortabantur
920 2553 953 2603 et
977 2540 1067 2622 quasi
1086 2540 1169 2604 invi-

162 2657 285 2722 tabant.
331 2654 405 2720 Post
435 2657 571 2718 demum
602 2655 728 2720 insecta
756 2661 833 2718 sun‘t
866 2656 920 2718 illa
949 2659 1057 2732 mala,
1088 2679 1171 2740 qnae

115 2845 122 2855 ,
160 2773 416 2858 memoravimus
429 2771 455 2847 ¹,
481 2771 599 2856 quibus
619 2772 720 2838 fiebat
733 2785 769 2837 ut
781 2771 893 2856 pietati
910 2773 1058 2855 impietas
1071 2787 1103 2837 et
1113 2796 1171 2838 su·

161 2891 328 2975 perstitio,
352 2889 428 2954 fidei
463 2893 552 2954 fraus
584 2903 616 2954 et
647 2889 796 2966 fallacia,
826 2891 990 2955 simulatio
1014 2892 1169 2967 candori,

160 3009 375 3076 continentiae
403 3021 436 3073 ct
461 3007 674 3074 abstinentiae
703 3008 838 3074 sumitia
862 3021 895 3074 et
916 3007 1065 3085 luxuria,
1089 3030 1172 3074 corr·

158 3131 292 3194 stantiae
312 3128 435 3204 levitas,
454 3127 660 3210 impudentia
680 3127 799 3210 pudori
822 3130 1048 3205 succederent;
1073 3150 1172 3215 mag·

159 3269 306 3332 numque
327 3244 513 3327 periculum
536 3266 601 3310 csse
615 3245 808 3321 videbatur,
832 3266 893 3320 ne,
915 3247 1171 3330 quaerespubli-

160 3389 194 3430 ca
215 3367 349 3428 firmata
371 3363 496 3449 legibus
518 3363 729 3446 moribusque
748 3376 846 3448 atque
860 3364 965 3428 avitae
984 3364 1169 3449 disciplinae

158 3483 326 3547 sanctitate
350 3481 492 3546 stabilita
510 3481 635 3556 suisset,
659 3501 695 3544 ea
718 3480 811 3545 citius
828 3481 1056 3547 dissolveretur
1068 3505 1168 3567 qnam

159 3601 347 3665 confirmari
368 3599 534 3682 potuisset.

199 3717 276 3803 Quo
306 3719 409 3804 igitur
428 3733 576 3802 tempore
594 3717 736 3782 Lucilius
758 3721 939 3783 adolescens
965 3721 998 3782 in
1021 3719 1167 3782 celebra-

156 3851 224 3900 tam
248 3837 339 3900 ittam
373 3833 530 3918 Scipionis
560 3849 592 3898 et
616 3835 716 3900 Isaelii
739 3835 946 3916 perveniebat
969 3835 1168 3900 firrttilinritn-

193 4079 203 4114 ι
240 4079 269 4128 p.
287 4077 321 4131 70
340 4078 402 4130 sqq.
424 4061 485 4115 tfio.
