2888 4972
723 374 797 440 *258

263 583 324 636 na,
347 557 373 625 si
397 527 575 622 bliillerum
601 556 766 630 audimus,
786 569 976 620 accuratum
991 555 1276 643 investigatorem,

264 680 355 746 annis
380 679 445 745 708
472 677 543 768 (46)
567 691 599 741 et
612 679 677 742 709
693 673 763 765 (ts)
776 677 918 742 inchoati
937 691 970 742 et
983 676 1105 761 pactim
1118 677 1278 743 elaborati

265 797 436 864 fuerumt
481 794 564 862 Satis
591 796 692 882 igitur
726 798 825 880 longo
861 796 1054 872 intervallo,
1079 799 1170 881 quod
1191 795 1281 861 inter

224 991 228 1003 ι
264 918 365 981 editos
388 915 609 980 llerennianos
630 913 729 978 libros
747 928 779 978 ct
801 914 937 997 scriptos
961 916 1002 978 de
1027 913 1140 1000 lingua
1162 914 1281 980 Latina

265 1035 365 1100 libros
389 1035 589 1109 intercessit,
620 1033 734 1097 divisio
757 1053 842 1096 nova
865 1031 963 1097 totius
985 1033 1091 1116 operia
1115 1033 1149 1096 in
1173 1054 1282 1097 unum

269 1168 302 1218 et
330 1152 444 1238 viginti
465 1153 564 1216 libros
586 1150 695 1216 induci
720 1150 849 1232 potuit;
884 1167 986 1234 quam
1007 1163 1122 1214 tamen
1147 1151 1286 1216 divisio-

267 1291 344 1334 nem
389 1291 491 1353 quare
527 1269 681 1334 inducere
716 1267 896 1351 placuerit,
933 1288 1066 1350 prorsus
1101 1268 1285 1332 obscurum

268 1402 325 1452 cst.
350 1387 444 1452 Teste
470 1399 580 1451 autem
603 1384 739 1451 Horatio
759 1386 887 1468 primus
906 1384 1055 1450 Valerius
1075 1383 1286 1451 Catoemen·

268 1509 348 1574 ‹lare
370 1508 457 1570 male
471 1507 571 1570 factos
597 1502 715 1568 Lucilii
736 1524 847 1568 versus
868 1504 1013 1586 paratim
1043 1525 1144 1587 quem
1166 1503 1286 1568 iccirco

270 1623 440 1686 consilium
471 1621 604 1707 agitasse
625 1621 737 1686 satiras
756 1622 826 1705 ejus
848 1620 1062 1710 diligentius
1085 1633 1286 1686 retractan-

270 1741 310 1806 dt
333 1754 432 1824 patet.
458 1740 529 1807 Hoc
547 1741 696 1824 quamvis
716 1741 839 1806 imnice
873 1740 1024 1806 lloratim
1045 1742 1183 1818 dixerit,
1209 1763 1288 1825 pm·

269 1860 312 1924 he
333 1860 394 1926 sibi
416 1859 580 1937 conscius,
604 1881 676 1924 rem
697 1859 817 1924 infiniti
844 1883 884 1924 ac
899 1863 967 1924 lere
984 1861 1144 1944 desperati
1166 1860 1295 1928 laboris

271 1977 365 2042 <titius
403 1975 535 2042 Catonis
570 1990 719 2040 mentem
748 1976 883 2051 subite,
911 1998 1013 2060 quam
1035 1975 1079 2042 nb
1097 1998 1137 2042 eo
1159 1977 1288 2042 institui

273 2109 329 2160 aut
362 2095 475 2178 perfici
513 2115 626 2178 posse,
663 2108 794 2169 umen,
827 2097 917 2179 quod
945 2115 1046 2178 supra
1076 2095 1295 2173 monuimus,

273 2215 403 2297 publice
431 2213 589 2278 recitandi
612 2214 771 2280 Lucilinni
795 2213 899 2296 operis
916 2233 1045 2280 utorem
1059 2215 1113 2278 ille
1126 2216 1160 2278 in
1173 2215 1292 2298 primis

273 2335 448 2396 censendus
471 2345 518 2396 est
539 2331 633 2396 luisse
657 2333 714 2415 qni
729 2332 896 2396 inchoaret
909 2331 936 2397 2.
961 2329 1072 2416 Quare
1083 2335 1172 2398 baud
1185 2333 1295 2400 abste

275 2450 440 2514 videretur
475 2448 678 2524 existimare,
703 2449 788 2513 circa
812 2447 942 2516 Catonis
963 2463 1121 2526 aetatem,
1134 2450 1155 2515 i.
1173 2473 1295 2516 eam·

274 2567 359 2651 plius
382 2567 539 2631 decennio
560 2580 632 2650 post
655 2568 776 2631 laudati
798 2567 995 2633 Varroninni
1014 2568 1121 2651 operia
1139 2569 1295 2652 scriptio·

276 2707 377 2762 nem,
401 2684 576 2749 obtinuisse
598 2701 631 2749 et
650 2700 721 2768 post
733 2685 904 2752 invaluisse
915 2687 1020 2770 operis
1035 2687 1070 2752 in
1090 2691 1155 2752 tri
1157 2691 1210 2776 gt·
1216 2701 1302 2754 nto·

276 2803 374 2868 libros
406 2800 691 2881 distributionem,
724 2825 808 2887 quac
839 2803 1041 2887 superiorem
1069 2805 1102 2870 in
1132 2829 1240 2872 unum
1261 2819 1298 2872 et

278 2921 393 3008 viginti
415 2919 514 2984 libros
539 2919 728 2986 divisionem
742 2968 750 2998 ,
766 2925 837 3007 jam
858 2923 935 2987 satis
955 2921 1061 3006 ipsam
1083 2923 1216 3008 publice
1237 2947 1300 2990 rc·

278 3039 452 3104 citantibus
484 3042 715 3116 commodam,
751 3041 986 3106 commoditate
1018 3043 1086 3126 ipsa
1112 3057 1298 3127 superaret.

277 3157 505 3222 Veruntamen
528 3157 563 3220 in
586 3159 693 3222 multo
710 3158 864 3222 seriorem
882 3171 1023 3226 aetatem
1041 3159 1299 3236 bancincitlete,

279 3277 395 3340 collata
427 3277 542 3340 docere
578 3251 730 3340 videnlur
765 3275 855 3340 varia
881 3277 1181 3362 grammaticorum
1202 3280 1299 3344 testi·

280 3392 408 3468 monia,
435 3414 454 3456 e
487 3393 581 3460 variis
614 3392 731 3458 Lucilii
759 3393 848 3459 libris
874 3395 986 3478 petita.
1032 3395 1164 3481 Quippe
1186 3417 1298 3482 quum

277 3506 431 3584 Varro.
468 3509 525 3593 qui
556 3531 719 3593 nusquam
752 3509 865 3576 satiras
895 3527 1081 3590 memorat,
1103 3515 1302 3598 simplicitas

281 3627 397 3692 Lucilii
424 3647 547 3692 nomen
579 3642 702 3710 ponat,
734 3628 860 3713 quoties
880 3651 919 3694 ex
943 3634 1011 3714 ejus
1031 3631 1138 3698 satiris
1163 3655 1305 3700 votnm·

282 3747 417 3822 laudat,
449 3743 734 3829 Quintilianus
766 3747 833 3820 unit
857 3752 930 3814 loco
954 3749 1080 3815 librum
1101 3747 1151 3816 lx
1175 3755 1303 3830 resena

283 3863 361 3928 item
383 3863 522 3929 Velius
546 3863 1182 3950 LongusctTcrentiusScaurus.
1208 3867 1301 3934 Gel-

280 3985 561 4002 ‘nn-..W

318 4049 330 4088 ι
370 4033 424 4082 Er'.
448 4033 535 4082 Van·
554 4035 651 4104 Protf.
671 4049 697 4098 p.
718 4031 771 4096 lV,
793 4031 836 4100 ll.¹

320 4147 335 4184 a
369 4130 478 4196 pato,
