2894 4986
800 345 843 407 62

369 522 467 588 Aliud
486 522 663 607 neeipimus
683 522 725 587 ab
737 521 834 588 duct.
855 526 895 589 ad
908 522 1110 590 Herennium
1125 553 1132 590 ε
1149 551 1167 594 <t
1182 526 1220 593 G.
1236 526 1328 594 Cae-

323 642 385 707 lius
411 644 511 728 judex
539 641 676 706 absolvit
710 641 905 725 injuriarum
933 663 1033 718 eum,
1073 644 1131 729 qui
1160 643 1327 713 Lucilium

322 765 455 846 podtam
483 761 517 824 in
546 781 641 826 soene
667 760 863 824 nominatim
887 761 1085 828 laeseratl.»
1131 762 1206 850 Qua
1228 767 1270 830 de
1291 788 1328 831 re

322 880 404 944 nihil
423 881 552 945 aliunde
574 887 712 946 eomtat.
748 877 862 944 Simile
882 881 962 964 quid
988 882 1150 948 accideret
1169 884 1207 948 L.
1231 885 1329 950 Anio

321 1003 435 1083 poetae
448 997 484 1075 ²,
512 1017 613 1082 quern
633 996 754 1061 mimus
771 997 906 1082 quidem
926 997 1123 1064 nominatim
1144 1004 1329 1086 compelle-

323 1129 416 1184 verat
449 1117 483 1180 in
517 1135 623 1180 scena.
680 1114 800 1180 Fertur
825 1135 903 1182 eum
933 1137 972 1182 eo
994 1115 1100 1183 Attius
1121 1119 1324 1203 injuriarum

321 1237 436 1325 egisse:
471 1235 592 1299 mimus
610 1254 689 1299 vero
711 1255 816 1319 quum
833 1233 914 1298 nihil
937 1235 1245 1315 sliuddelendiseet,
1267 1241 1328 1303 nisi

321 1355 418 1418 licere
445 1351 607 1416 nominari
634 1373 735 1427 eum,
765 1353 857 1437 cujus
877 1352 1010 1417 nomine
1029 1354 1148 1439 scripta
1167 1357 1329 1422 darentur

322 1473 464 1560 agenda,
487 1483 599 1536 temen
626 1493 646 1535 a
668 1469 704 1536 P.
727 1468 838 1536 Mucio
861 1473 1093 1538 condemnatus
1116 1495 1190 1540 esse.
1238 1474 1327 1542 Grn-

323 1591 393 1656 vior
419 1611 497 1656 vero
512 1588 628 1656 Lucilii
644 1609 738 1654 causa
758 1589 836 1667 luit,
868 1589 1012 1675 quinon
1032 1605 1163 1658 tentum
1184 1597 1331 1678 eompel·

322 1713 406 1776 letus
434 1708 646 1786 nominatim,
677 1709 732 1773 sed
754 1709 903 1774 conviciis
926 1709 1048 1793 petitus
1070 1711 1216 1778 fuerat&
1263 1711 1332 1778 Nee

322 1827 471 1904 mirum,
494 1826 587 1894 litem
616 1824 644 1890 ei
679 1826 849 1891 intendisse
879 1830 1037 1910 poetam,
1070 1851 1112 1895 ne
1135 1829 1332 1897 existimatio

322 1969 380 2012 sun
405 1945 539 2029 impune
565 1943 599 2007 in
620 1966 715 2010 scena
733 1947 925 2012 laederetur.
972 1945 1063 2010 Idem
1084 1967 1161 2014 vero
1183 1949 1331 2035 graviter

322 2068 458 2132 edemus
489 2065 617 2129 videtur
650 2062 797 2128 absoluto
820 2063 983 2128 histrione.
1029 2060 1138 2149 Quare
1159 2065 1222 2130 sibi
1245 2066 1332 2132 risus

322 2200 371 2252 eet
395 2185 504 2250 Douee
526 2183 560 2246 in
582 2180 701 2246 Lucilii
722 2181 913 2268 fragmentis
939 2183 1005 2246 duo
1028 2203 1137 2247 venus
1152 2186 1333 2268 reperisse,

322 2304 379 2388 qui
410 2321 449 2367 eo
478 2301 543 2365 sint
564 2300 730 2366 referendi
744 2299 927 2386 quibusque
946 2314 1100 2384 carpatur
1135 2299 1174 2368 C.
1199 2301 1332 2370 Caelius

320 2416 463 2506 judext.
508 2418 601 2486 Alter
624 2430 688 2482 est:

365 2564 478 2644 Nune,
502 2566 578 2644 Cat,
597 2567 760 2655 quoniam
776 2570 999 2641 imilamnos
1014 2573 1117 2642 laedi’
1130 2573 1289 2636 vicissim
1299 2569 1328 2636 ⁵.

322 2718 403 2782 alter
416 2743 423 2781 :

321 3065 390 3116 mini
415 3061 593 3116 columellam
618 3061 673 3116 dici
695 3079 774 3130 porse
791 3081 921 3130 servum,
939 3082 1025 3136 quum
1042 3069 1133 3134 potius
1149 3067 1224 3118 servi
1242 3065 1325 3119 celu-

320 3160 400 3214 melli
423 3159 460 3213 sit
485 3158 619 3214 dominus.
643 3160 697 3214 sed
725 3161 823 3228 procul
847 3161 932 3216 dubio
949 3163 1111 3219 vindicanda
1131 3161 1236 3216 Donati
1255 3178 1325 3214 ruc-

320 3258 427 3312 tostin.

357 3371 370 3409 1
407 3353 577 3425 ΙΙ.15,19.

355 3467 372 3504 1
409 3450 434 3513 Ι,
456 3451 496 3503 td·
527 3451 572 3505 Cf.
601 3451 793 3507 VedMax.
812 3453 855 3518 ΙΙ,
874 3455 901 3518 6,
921 3473 948 3525 7.

355 3547 373 3600 5
409 3547 649 3617 Capidurtu
674 3549 707 3600 ld
731 3549 782 3603 ΙιΙι
801 3568 832 3618 Ρ.
850 3552 994 3608 13800111
1009 3570 1115 3615 suna,
1133 3549 1182 3603 uhi
1199 3551 1328 3618 pointel·

320 3643 431 3714 publice
455 3641 680 3697 reclltbtnlnm
714 3645 756 3700 Eo
784 3655 873 3702 eutem
892 3649 994 3704 loetum
1010 3648 1150 3702 Lucilium
1166 3647 1325 3711 existimat,

320 3742 395 3814 qnod
422 3759 483 3795 eum
502 3741 604 3796 mimus
630 3745 738 3797 nomine
761 3763 810 3799 suo
828 3748 1055 3815 compellarent,
1074 3763 1128 3800 uon
1145 3745 1322 3814 prenomine

321 3841 414 3912 aliquo
433 3839 623 3893 honoraverat.

354 3940 372 3992 Ι
406 3935 479 3989 Num
493 3935 566 3989 idem
578 3935 663 3991 suerit
680 3935 731 4007 qui
753 3941 782 3992 0.
796 3938 911 3994 Caelius
933 3941 1037 3993 Caldus
1046 3957 1103 3994 eos.
1112 3941 1164 3995 660
1178 3941 1238 4012 [94)
1252 3941 1324 3996 trib·

321 4035 360 4102 pl.
370 4034 421 4105 ⁶⁴7
436 4037 526 4105 (ml,
544 4033 616 4089 hund
635 4037 700 4089 ratis
717 4043 830 4092 constit.
852 4035 897 4091 Gi.
916 4038 1084 4108 Pighius.
1096 4039 1171 4094 Anu.
1186 4039 1245 4105 ΙΙΙ,
1258 4039 1321 4092 ud.

352 4131 370 4183 5
404 4131 498 4196 XXX,
520 4133 563 4184 50.
