2860 4974
636 372 696 432 147

149 549 182 618 E
208 565 275 634 quo
292 550 374 615 illud
396 527 464 613 lere
487 561 634 612 constare
658 545 795 620 dixerit,
821 549 984 633 primum
1006 567 1084 612 eum
1101 548 1173 613 Lu*-

149 667 222 734 cuii
240 667 386 733 carmina
401 667 436 730 in
455 663 588 751 publico
609 663 785 730 hominum
809 679 904 730 coetu
927 666 1063 732 recitare
1074 684 1153 730 exor

153 805 234 850 eum
257 803 332 850 eree.
377 781 492 868 Neque
513 783 603 848 enim
624 782 736 859 rideo,
759 784 820 848 nisi
841 785 895 848 bic
916 803 1024 848 censue
1047 781 1174 848 eubeese

150 915 341 979 etatuatur,
376 902 457 987 quid
488 901 570 966 illud
604 901 700 965 colus
733 901 822 990 legit
852 901 1034 988 significet,
1067 913 1173 986 quum

153 1023 299 1085 alterum
324 1019 421 1085 colus
444 1019 545 1106 fucit
573 1022 698 1106 peirac
727 1021 815 1084 baud
848 1020 985 1084 obscure
1012 1022 1173 1112 referatur

154 1138 200 1200 ad
232 1137 396 1223 singulare
429 1137 599 1213 etodium,
629 1157 696 1223 quo
718 1137 759 1201 ad
781 1138 944 1220 poeticam
966 1135 1173 1201 tendentibus

134 1246 136 1250 ’
155 1255 307 1320 vacabat.
327 1254 539 1338 Perspicuum
557 1274 636 1342 ergo
657 1269 705 1319 eet
717 1300 726 1332 ,
740 1252 915 1332 Catonem,
929 1263 1078 1320 veterum
1090 1257 1175 1338 poi-

154 1385 286 1448 tarum,
308 1371 499 1455 praesertim
513 1371 632 1436 Lucilii
643 1371 842 1437 carminibus
864 1373 1023 1460 legendis,
1048 1381 1174 1437 tentam

156 1491 219 1556 arbi
241 1491 334 1556 brevi
357 1495 482 1556 lamam
503 1511 649 1573 parasse,
672 1503 709 1555 ut
722 1491 835 1556 ceteris
858 1492 1081 1579 grammaticis
1102 1510 1174 1557 euos

158 1609 346 1694 quibusque
356 1607 528 1692 discipulos
550 1622 583 1673 et
606 1609 779 1673 familiares
801 1609 964 1693 eriperem
986 1611 1020 1674 et
1042 1599 1175 1676 Latinae

159 1723 286 1792 sirene
306 1727 409 1792 inetur
429 1730 519 1792 velut
532 1723 646 1792 canule
661 1727 832 1792 dulcedine
845 1741 951 1793 motoe
964 1731 1005 1794 ad
1017 1749 1050 1793 ce
1064 1727 1171 1794 allice-

158 1857 232 1908 ret:
256 1855 331 1928 poct
341 1865 438 1921 tero,
452 1857 549 1910 aucto
561 1842 599 1909 ed
613 1865 691 1908 eum
703 1847 842 1910 modum
853 1847 1042 1910 auditorum
1053 1865 1176 1910 nume-

158 1978 210 2038 ro,
233 1963 324 2045 quod
335 1961 490 2045 privatim
502 1960 608 2026 adhuc
620 1981 732 2026 coram
743 1962 854 2045 paucis
866 1982 906 2026 ex
918 1977 1011 2026 more
1022 1938 1175 2028 inetituie·

157 2091 227 2154 cet,
250 2073 383 2160 publice
405 2078 440 2142 in
460 2099 582 2166 magna
604 2079 780 2142 hominum
795 2079 979 2162 frequentia
1001 2076 1175 2174 expertum'

159 2215 237 2260 ecee.
281 2193 395 2281 Neque
416 2196 517 2283 igitur
541 2197 723 2281 quidquam
747 2197 911 2273 obetaret,
936 2197 1112 2281 quominue
1135 2193 1176 2262 de

160 2311 290 2376 Lucilio
311 2333 379 2377 non
399 2313 509 2378 minue
532 2335 634 2399 quam
647 2313 786 2379 Laberio
798 2316 920 2378 valeret
933 2311 1059 2378 Horatii
1073 2314 1173 2380 iuude

207 2427 311 2518 Ergo
332 2453 400 2494 teon
422 2431 514 2496 ratic
537 2442 587 2496 cet
610 2433 690 2496 risu
711 2429 871 2496 diducere
892 2433 1023 2496 rictum
1194 2419 1202 2435 ’

208 2545 585 2612 Auditorie¹-·

161 2662 222 2726 niei
247 2663 425 2728 Laberium
445 2668 553 2730 colum
575 2665 794 2752 significatum
815 2687 879 2731 ecee
903 2667 978 2732 inde
998 2682 1176 2744 constaret,

161 2781 255 2866 quod
271 2780 414 2846 Lucilius
436 2781 478 2847 ab
500 2785 565 2848 hoc
586 2783 665 2848 vitio
681 2784 865 2870 longieeime
886 2785 1019 2850 ubeoeet.

208 2895 298 2962 Haec
325 2899 351 2962 ei
379 2919 455 2964 vere
476 2901 516 2965 de
546 2900 724 2964 immutato
757 2915 789 2966 et
826 2901 1026 2985 amplificato
1059 2901 1177 2966 Lucilii

162 3015 272 3080 etudio
305 3016 482 3100 disputaree
504 3015 712 3093 videbimur,
735 3037 803 3082 non
825 3019 887 3082 erit
909 3020 1113 3095 verendum,
1134 3041 1177 3082 ne

163 3134 373 3220 praelegendi
408 3135 476 3219 ejue
505 3134 610 3218 operia
644 3135 909 3200 consuetudinem
939 3137 981 3199 ad
1014 3134 1178 3201 luvenalis

165 3261 308 3313 aetaoem
327 3263 544 3336 propagatam
566 3271 631 3314 esee
657 3252 736 3316 fuleo
760 3250 1060 3316 existimaverimus.
1106 3251 1176 3319 Ve-

165 3379 346 3430 runtamen
378 3368 568 3450 perdurarit
586 3380 697 3451 poetea
719 3368 808 3432 idem
830 3367 1029 3437 institutum.
1074 3369 1176 3455 Cujue

167 3482 214 3547 rei
246 3483 334 3549 tectio
366 3496 413 3547 eet
446 3481 581 3549 Gellius:
622 3509 640 3550 «
663 3483 780 3547 Lucilii
801 3504 841 3548 ex
866 3487 1041 3552 undecimo
1066 3507 1175 3553 rereue

167 3612 264 3663 eunt:
306 3595 493 3686 Scipiadae
510 3637 567 3667 —.
624 3599 801 3666 obiciebat
832 3621 853 3665 o
886 3600 980 3666 litera
1014 3605 1176 3685 producta

168 3719 290 3782 multoe
322 3720 456 3805 legere
489 3720 605 3784 audio:
642 3739 681 3783 eo
716 3722 821 3784 facere
846 3719 984 3796 dicunt,
1022 3734 1060 3784 ut
1093 3721 1176 3786 ratio

169 3834 300 3898 numeri
319 3836 408 3898 calva
438 3835 489 3899 eit.
535 3835 626 3900 Idem
640 3836 741 3900 inira:
769 3835 819 3898 Et
840 3836 924 3920 jam
948 3839 1099 3902 conicere
1119 3875 1176 3906 -.

203 4134 215 4169 ι
256 4121 321 4173 Sat.
342 4119 377 4184 1,
397 4133 440 4185 ιο,
462 4137 489 4189 7.
