2860 4974
628 399 690 468 las
790 413 793 418 '

152 578 342 647 excellebat.
360 578 458 663 Quod
480 555 561 644 sane
569 583 792 663 spectaculum
804 581 943 668 dignum
965 595 1053 659 erat,
1078 583 1165 667 quod

153 711 347 763 accuratos
378 697 509 762 Lucilio
527 697 786 776 describerem
811 712 909 784 atque
932 701 977 764 ita
999 700 1167 783 perfecisse

154 817 303 892 videtur,
327 827 365 880 ut
386 837 470 901 quae
489 815 577 880 iratis
590 816 640 880 isti
654 816 786 893 animis,
797 819 936 902 jamjam
948 817 1166 904 digladiaturi,

153 936 242 999 inter
260 955 294 999 se
314 933 414 1000 verba
436 948 469 998 et
491 934 635 999 convicia
651 935 852 1012 effuderunt,
875 938 1029 1013 referret,
1053 937 1169 1000 deinde

155 1067 323 1118 certamen
346 1053 455 1136 ipsum
474 1054 606 1136 ejusque
630 1053 755 1117 exitum
772 1053 1025 1120 adumbrarem.
1051 1053 1167 1137 Capua

154 1173 305 1255 primum
323 1171 419 1235 delati
430 1169 601 1246 Puteolos,
624 1173 713 1256 quod
725 1171 786 1234 iter
798 1183 871 1234 erat
883 1170 1010 1236 circiter
1027 1171 1169 1236 millium

155 1311 321 1373 passuum.
344 1289 432 1352 Tum
451 1309 621 1353 conscensa
644 1308 746 1365 nave,
769 1287 934 1354 Minervae
944 1291 1171 1374 promontorio

154 1421 324 1491 superato,
347 1405 519 1472 Salernum
544 1405 645 1472 vecti:
669 1407 744 1470 inde
757 1429 833 1472 cum
850 1407 884 1471 in
896 1421 1029 1490 portum
1045 1407 1172 1473 Albur-

156 1547 240 1590 num
260 1527 303 1590 ad
323 1524 468 1589 fluminis
480 1521 574 1589 Silari
596 1523 715 1589 ostium
737 1525 948 1608 appulissent,
975 1527 1037 1591 iter
1057 1527 1172 1591 adPa·

157 1645 306 1708 tinurum
328 1642 487 1727 persecuti
500 1643 608 1707 merliu
622 1643 687 1707 huc
700 1655 795 1707 nocte
814 1656 1043 1726 peruenerunt.
1067 1643 1170 1722 Hinc,

157 1762 333 1827 verisimile
363 1774 428 1837 est,
453 1781 520 1824 non
541 1759 667 1847 longius
697 1782 798 1846 quam
824 1761 866 1826 ad
886 1759 1072 1848 Scyllaeum
1091 1785 1173 1847 pro·

158 1879 365 1944 montorium
394 1891 562 1962 provectos
592 1899 680 1953 esse,
712 1881 799 1942 unde
815 1877 939 1965 Varges
962 1881 1075 1944 statuit
1091 1902 1172 1963 pro-

156 1996 238 2082 spici
263 1996 428 2082 Rhegium
450 2009 483 2060 et
508 1995 660 2079 Liparas,
685 1998 774 2080 quod
791 1999 1013 2079 spectaculum
1025 1997 1085 2062 sibi
1098 2011 1174 2063 ants

157 2136 289 2200 semper
315 2113 393 2180 votis
411 2113 591 2196 expetitum
615 2111 732 2187 fuisse,
758 2118 855 2195 poc'ta
876 2113 1074 2199 significata
1098 2114 1174 2178 Hu-

156 2235 209 2318 jus
230 2253 308 2296 vero
327 2231 415 2296 varia
437 2229 560 2294 itineris
580 2233 657 2306 lata,
675 2251 810 2294 ornnem
830 2243 1024 2296 resumtum
1042 2253 1175 2316 prospe·

159 2373 275 2416 rarum
308 2372 410 2436 quam
439 2351 670 2425 adversarum,
703 2347 879 2432 voluptatis
897 2363 930 2414 et
951 2351 1174 2416 molestiarum

160 2470 352 2534 varietatem
372 2469 439 2532 sine
461 2467 562 2531 dubio
582 2469 644 2532 hoc
657 2470 728 2532 loco
741 2471 931 2551 complexus
953 2485 1000 2533 cst
1021 2468 1174 2536 Lucilius.

162 2585 358 2662 Acciderat,
376 2599 414 2650 ut
439 2586 474 2648 in
494 2583 609 2648 itinere
631 2587 846 2648 commodum
864 2585 1086 2650 deversorium
1111 2609 1177 2652 non

160 2705 382 2781 inveniretur3
419 2702 621 2788 cogebantur
652 2703 818 2767 devertere
841 2701 875 2764 in
898 2701 1094 2778 tabernam,
1118 2702 1177 2767 ubi

164 2843 229 2887 non
249 2824 350 2887 modo
362 2840 429 2885 non
441 2831 564 2896 ostrea,
581 2840 647 2884 non
660 2841 819 2903 purpura,
834 2839 901 2883 non
912 2819 1047 2902 peloris,
1069 2819 1124 2884 sed
1136 2842 1177 2884 ne

163 2939 308 3025 asparagi
334 2939 469 3025 quidem
496 2951 598 3002 essent
610 2937 638 3002 ³.
667 2935 853 3023 Aliquando
876 2937 1030 3002 Tantalus
1055 2937 1115 3002 sibi
1131 2936 1179 3002 ri·

133 3059 321 3135 uebatur,
344 3057 402 3143 qui
425 3057 469 3121 ob
495 3059 581 3121 facta
603 3055 728 3122 nefaria
750 3077 869 3140 poenas
891 3057 1000 3120 luisset
1013 3053 1041 3132 ⁴,
1072 3077 1178 3141 quum

201 3391 214 3428 s
253 3375 378 3426 Densa
396 3374 435 3424 ad
452 3375 521 3426 Luc.
538 3373 586 3445 sr.
605 3391 633 3440 p.
653 3387 683 3442 17
712 3379 786 3425 reete
808 3369 919 3424 videtur
935 3370 969 3422 sd
987 3367 1060 3424 hunc
1079 3371 1181 3423 librum

166 3487 198 3522 ex
216 3477 318 3540 quarto
337 3468 523 3520 transferenda
542 3487 600 3521 esse
617 3468 798 3534 existimasse,
816 3485 887 3540 qnae
904 3485 959 3520 non
976 3469 1098 3520 indicato
1114 3467 1182 3520 libri

167 3583 280 3620 numero
291 3565 363 3633 spcd
375 3565 538 3619 Ciceronem
550 3567 674 3636 aliosque
686 3574 805 3632 exstent,
822 3583 873 3620 nec
886 3565 1012 3635 intelligo
1023 3583 1074 3618 cnr
1089 3567 1182 3617 Var-

167 3683 238 3734 gss,
257 3663 306 3734 qni
316 3663 554 3718 commentationis
570 3680 633 3715 suse
650 3681 679 3731 p.
690 3682 705 3734 7
717 3665 873 3718 certaminis
890 3663 1047 3733 gladiatorii
1059 3663 1182 3716 montio-

171 3777 229 3814 nem
244 3762 321 3814 libro
338 3763 422 3814 tertio
441 3759 539 3813 lactem
556 3777 613 3813 esse
631 3759 712 3826 vidit,
732 3761 882 3830 fragments
900 3761 967 3813 libri
980 3755 1021 3814 tv
1034 3757 1179 3824 decimum,

172 3858 342 3912 undecimum
359 3865 387 3910 et
403 3857 595 3912 duodecimum
612 3855 712 3910 addere
726 3859 860 3914 uoluerit.

204 3977 220 4013 2
254 3957 300 4014 cf.
323 3957 457 4026 Vargis
475 3973 572 4012 comm.
590 3954 612 4008 1.
635 3972 665 4022 p.
682 3954 727 4026 59.

206 4055 223 4106 5
258 4053 591 4128 Frngm.lll‚17,18.

207 4152 223 4203 4
257 4155 328 4206 nod.
347 4151 394 4208 28.
