2894 4986
631 449 653 508 5

137 663 207 717 scm
223 650 366 717 satirica
398 656 571 736 poc'tnata,
604 653 631 718 si
661 649 815 718 Varronis
850 651 976 718 libcllus
1000 665 1145 720 astutas

137 799 282 876 taliaes,
302 799 355 864 uix
375 798 515 864 dubium
541 813 607 878 ast,
630 801 712 886 quin
733 821 809 865 cum
833 802 874 865 do
892 799 1041 866 universo
1063 801 1142 868 sati-

137 967 190 1012 rac
214 967 355 1034 genere,
389 960 463 1014 tum
495 949 536 1013 da
556 946 771 1035 singularibus
787 948 854 1033 ojus
877 947 1041 1032 speciebus
1064 969 1140 1016 rcc-

138 1095 199 1160 titu
225 1094 506 1173 exhumarcmua,
536 1108 570 1161 ct
591 1095 681 1181 quasi
702 1077 850 1160 oblatam
879 1095 977 1162 oculis
996 1095 1140 1183 judiciis·

138 1262 201 1328 que
228 1240 409 1328 subjectam
437 1241 552 1309 satirae
584 1243 811 1310 Romanorum
836 1241 1003 1308 historiam
1039 1240 1139 1308 habc-

136 1409 256 1456 remus.
301 1388 347 1456 At
374 1391 470 1476 longe
493 1411 581 1456 secus
601 1389 719 1456 everrit.
763 1389 812 1454 Ex
840 1389 913 1474 ipsis
933 1389 1020 1454 enirn
1052 1388 1140 1474 pris-

137 1557 251 1604 corum
268 1538 404 1602 illorum
420 1537 625 1604 satiricorum
642 1537 792 1623 operibus
809 1537 933 1602 nonnisi
956 1539 1141 1624 fragmenta

136 1683 430 1771 grammaticorum
446 1682 558 1752 studiis
586 1698 711 1750 servata
729 1697 823 1761 suut,
847 1705 948 1770 caque
960 1683 1005 1750 ita
1015 1685 1142 1762 lacera,
1203 1761 1205 1766 ἲ

136 1831 275 1918 tapeto
299 1844 332 1898 ct
351 1852 437 1896 nexu
458 1831 573 1898 orbata
589 1845 626 1897 ut
649 1834 754 1898 latum
775 1831 962 1917 conjiciendi
980 1845 1014 1896 ct
1031 1854 1140 1900 sucro

136 1977 307 2048 &errandi
330 1981 440 2048 locum
466 1978 664 2064 praebcant,
687 1980 766 2046 certi
788 1992 886 2065 atque
906 1981 1064 2064 explorati
1084 1980 1139 2054 vir

137 2127 318 2213 quidquam
335 2127 559 2211 polliceantur.
590 2125 665 2212 Quo
684 2126 784 2212 igitur
798 2126 900 2212 magis
910 2126 1041 2192 interast
1052 2130 1139 2191 hanc

137 2272 287 2338 miseram
311 2271 528 2340 conditionem
546 2272 745 2358 aliquatenus
769 2273 893 2350 levare,
905 2293 944 2338 co
963 2273 1137 2357 patientius

136 2419 348 2504 exspectanda
367 2417 459 2484 nobis
479 2434 574 2498 sunt,
595 2441 680 2506 quac
698 2434 866 2504 parantur,
884 2420 1033 2486 codicum
1045 2420 1137 2486 auxi·

136 2567 195 2645 lia,
231 2580 289 2645 ut,
325 2567 477 2636 restitutis
498 2567 625 2634 sanitati
646 2569 859 2654 fragmentis,
894 2569 1019 2634 facilior
1039 2569 1081 2634 sit
1096 2571 1137 2635 dc

136 2715 289 2784 uniuersis
309 2715 459 2802 operibus
489 2729 522 2781 ct
546 2715 727 2803 antiquiore
750 2715 864 2782 satirae
880 2715 1003 2782 ratione
1023 2716 1143 2802 dispu-

136 2864 223 2930 tandi
254 2864 317 2932 via.

176 3011 226 3080 Ac
268 3011 435 3078 Lucilium
474 3011 609 3100 quidem
644 3034 703 3088 ea,
737 3032 838 3097 quam
863 3013 1035 3086 fouemus,
1063 3032 1134 3096 spes

132 3161 281 3246 proximo
309 3160 451 3248 attingit.
495 3161 543 3225 Da
566 3162 628 3226 hoc
660 3161 748 3225 enim
777 3158 904 3226 satirico
931 3164 1028 3242 pocta
1062 3181 1132 3226 cre·

131 3307 221 3373 lnior
254 3319 303 3374 ost
332 3309 419 3392 apud
448 3319 588 3384 vctcros,
621 3307 809 3391 pracsertim
841 3307 929 3390 apud
958 3305 1134 3372 Horatium

130 3475 249 3522 sermo.
295 3454 382 3520 Eum
405 3467 438 3520 ct
459 3452 612 3520 Horatius
638 3465 765 3518 secutus
788 3466 857 3531 est,
880 3465 913 3518 et
935 3454 1033 3518 ceteri
1053 3453 1135 3517 sati-

131 3623 184 3668 rae
198 3600 371 3686 scriptoros
382 3601 564 3686 plurimum
585 3610 811 3683 respexerunt:
835 3600 975 3664 cundem
987 3620 1053 3662 non
1065 3599 1134 3662 mi-

133 3769 192 3814 uus
225 3749 376 3814 laudibus
407 3747 607 3813 celebratum
637 3768 738 3832 quam
761 3746 853 3834 gravi
871 3744 1050 3810 obnoxium
1077 3767 1133 3810 rc-

132 3895 335 3982 prehcusioni
356 3894 575 3982 cognovimus.
622 3891 748 3979 Operas
771 3891 871 3980 igitur
898 3891 1132 3975 pretium-fac-

134 4043 206 4110 turi.
222 4041 315 4108 nobis
344 4042 515 4118 videmur,
548 4041 574 4106 si
605 4043 645 4106 do
670 4040 826 4105 industria
853 4039 968 4104 Lucilii
994 4039 1130 4104 vicimo

134 4188 271 4256 fontium
285 4186 407 4257 iudiciis
423 4199 625 4275 repetemus,
646 4208 706 4252 noc
725 4184 851 4254 silentio
876 4183 1021 4256 obscura
1033 4205 1130 4268 prac-
