2888 4972
746 261 812 320 218

278 435 313 508 in
335 432 505 516 provincia
536 454 643 518 quum
675 433 881 508 versabatur,
911 433 1083 500 dubitandi
1116 436 1156 496 de
1187 454 1293 518 prae-

277 549 357 644 torio
387 550 452 613 lide
475 561 575 634 atque
604 549 789 636 integritate
821 569 954 614 caueam
986 548 1113 616 habuit.
1161 549 1294 614 Judicio

278 667 413 754 quidem
433 665 598 730 absolutus
631 678 678 730 eet
705 662 877 742 Scaevola;
910 664 1121 729 nihilominus
1142 679 1296 748 suscepta

278 786 318 847 de
331 782 491 866 eoopinio
501 802 569 846 non
580 784 724 848 detracta
738 782 875 856 Lucilio,
889 782 946 866 qui
960 781 994 844 in
1006 781 1121 864 primic
1130 803 1228 868 aegre
1241 785 1296 846 le·

279 899 383 976 rebat,
398 919 475 962 eum
494 901 627 962 cohorte
639 919 677 962 ac
688 911 801 964 turma
811 898 1017 974 amicorum,
1041 898 1294 980 provincialium

200 1079 203 1086 ,
281 1014 374 1079 bonis
394 1014 609 1090 infectorum,
630 1014 789 1096 stipatum
811 1011 948 1078 fuisse1.
971 1011 1294 1079 Hincnataoffemio

283 1131 322 1196 L.
337 1129 488 1196 Croesum
503 1152 635 1215 quoque
655 1131 771 1217 tetigit.
797 1128 918 1214 Quem,
937 1126 1108 1196 Scaevolae
1120 1150 1294 1216 generum,

282 1249 341 1312 etei
361 1248 504 1312 amicitia
517 1247 691 1330 complecti
706 1246 878 1329 cupivisset
890 1245 1051 1322 Lucilius,
1067 1260 1179 1312 tamen
1191 1247 1295 1311 soceri

284 1364 404 1430 invidia
427 1362 574 1438 obstitit,
599 1363 775 1448 quominus
794 1364 829 1428 in
841 1385 914 1428 cam
932 1363 1189 1428 familiaritatem
1201 1363 1298 1426 illum

283 1465 465 1566 reciperet,
496 1502 563 1565 qua
597 1481 658 1544 eibi
689 1501 766 1544 eum
798 1482 1014 1564 conjunctum
1037 1494 1188 1563 optasset.
1233 1479 1297 1546 Ne·

284 1599 403 1664 scimus
422 1612 535 1662 autem
560 1619 712 1680 prorsus,
737 1619 805 1682 qua
824 1597 952 1662 ratione
964 1598 1085 1681 quidve
1096 1595 1133 1661 in
1145 1595 1298 1664 Scaevola

287 1716 424 1780 illuserit
453 1720 563 1798 potita.
607 1713 742 1780 Constat
772 1715 935 1780 induxisse
963 1715 1126 1782 dicentem
1150 1735 1189 1779 ae
1210 1715 1299 1780 ‹leri-

286 1833 419 1896 dentem
445 1831 486 1896 T.
515 1831 643 1896 Albucii
664 1832 810 1916 ineptias.
841 1829 1025 1918 Quodque
1047 1833 1300 1899 meliusintelli-

287 1963 409 2037 gutur,
442 1948 605 2015 Ciceronis
638 1949 740 2034 verba
775 1968 995 2032 apponemus:
1030 1950 1126 2022 allec
1144 1971 1223 2014 vero
1239 1949 1301 2021 bo·
1333 2009 1340 2023 ,

288 2088 368 2143 nan,
388 2067 444 2140 ait,
468 2066 575 2130 verbio
594 2066 717 2141 electis,
740 2065 887 2151 graviter
905 2078 1085 2150 ornateque
1098 2065 1215 2142 dictas,
1229 2065 1302 2150 quie

290 2205 358 2248 non
381 2182 494 2269 legati
528 2183 587 2246 niel
606 2182 664 2268 qui
683 2203 717 2246 ce
737 2184 833 2264 plone
860 2179 1024 2246 Graecum
1045 2181 1107 2245 dici
1134 2181 1234 2244 velit:
1264 2190 1302 2244 ut

291 2323 311 2366 a
345 2297 500 2368 Scaevola
534 2313 583 2362 eet
611 2310 761 2382 praetore
793 2299 948 2362 salutatus
965 2295 1100 2361 Athenis
1131 2295 1300 2362 Albucius.

292 2411 404 2502 Quem
435 2416 570 2501 quidem
596 2417 710 2499 jocum
743 2437 821 2479 cum
842 2417 950 2479 multa
969 2425 1135 2479 venustate
1155 2427 1189 2480 et
1212 2415 1302 2478 omni

294 2535 360 2599 eale
392 2533 480 2598 idem
514 2531 685 2598 Luciliua²
719 2578 870 2598 .......
899 2533 987 2614 apud
1012 2552 1114 2616 quem
1141 2534 1304 2614 praeclare

295 2649 468 2717 Scaevola:

341 2765 511 2832 Graecum
536 2777 587 2842 tc,
610 2766 742 2832 Allava·
756 2813 765 2843 ‚
791 2788 896 2854 quom
915 2763 1109 2852 Romanum
1123 2778 1225 2852 atque
1237 2762 1305 2831 Sa-

1118 2882 1261 2958 binum,

341 2999 556 3090 Municipem
579 3001 688 3066 Petili
700 3046 710 3077 ,
737 2997 926 3074 Tritanni,
949 3003 1213 3080 centurionum,

343 3119 617 3186 Praeclcrorum
650 3117 829 3208 hominum
849 3139 891 3180 oc
909 3119 1122 3203 primorum,
1151 3113 1307 3206 cignife-

1082 3235 1262 3322 ¹ciciraque,

344 3350 516 3420 Muluieti
535 3351 620 3420 clici.
658 3351 785 3420 Graeco
805 3373 888 3442 crgo
901 3363 1048 3438 praetcn·
1073 3347 1244 3428 Attenia,

346 3469 406 3547 ld,
439 3469 529 3558 quod
556 3467 743 3547 moluiati,
779 3483 830 3546 tc,
865 3492 971 3560 quum
1006 3467 1054 3534 cd
1087 3491 1141 3540 mc
1162 3451 1308 3540 accedi,

1124 3587 1241 3652 raiulo
1252 3611 1268 3664 ς

306 3737 583 3756 Μ

340 3885 352 3921 r
391 3865 458 3922 vta
476 3882 537 3934 ιαμ,
556 3882 584 3933 p.
603 3866 663 3934 aliq.

341 3982 357 4018 2
392 3962 518 4019 Porum
535 3961 708 4016 inserendum
727 3969 785 4014 ort:
807 3965 1009 4031 usurpavit·
