2888 4972
773 407 839 476 ¹228

300 583 341 655 ud
369 579 573 673 ¹uoluptatem
599 589 711 652 otnnia
738 585 899 664 retonatj
931 589 1079 671 quarnvia
1103 589 1206 652 etiam
1233 591 1313 654 lucri

300 709 440 790 cupidus
475 721 573 792 atque
599 727 714 770 avarus
736 721 833 780 earet,
867 719 978 769 tamen
1008 707 1074 769 istis
1101 707 1183 771 vitiis
1219 707 1315 772 labo·

298 827 387 890 ranti
417 837 547 888 tantum
573 824 705 906 pudoris
736 824 862 900 inerat,
901 837 937 888 ut
963 843 1031 887 non
1060 826 1101 889 ad
1125 826 1313 888 effrenatam

298 942 466 1008 licentiam
491 956 591 1025 atque
606 941 778 1024 perfidiam
799 955 1044 1025 prorumperet.
1071 993 1072 998 ,
1090 939 1182 1024 Quae
1207 964 1313 1026 quum

299 1055 344 1124 ita
368 1059 453 1136 sint,
479 1059 679 1134 ridendum,
703 1059 783 1142 quid
807 1061 935 1122 valeant
958 1080 1042 1142 quae
1066 1061 1106 1122 de
1129 1062 1245 1123 eodem
1270 1063 1313 1122 le·

297 1190 442 1264 guntur:
470 1175 658 1251 «Iteratio,
684 1197 785 1259 quam
810 1175 926 1239 Graeci
948 1175 1170 1241 dictatam
1184 1189 1310 1250 vocant,

295 1295 322 1359 ci
335 1297 449 1358 dextre
462 1296 649 1369 collocatur,
666 1314 825 1379 magnum
842 1307 996 1357 ornatum
1010 1295 1105 1358 ali'ert
1116 1294 1313 1359 orationi.-

294 1409 434 1496 Optime
456 1412 600 1477 Lucilius
621 1425 680 1475 sat.
704 1409 850 1485 XXVIII
872 1414 912 1475 de
935 1415 1007 1476 fure
1029 1411 1202 1476 Gallonio:

297 1531 368 1596 Hic
380 1552 527 1605 scurra,
542 1529 600 1592 hic
612 1551 743 1604 carcer,
756 1550 874 1592 carcar
886 1531 947 1592 via
957 1547 1092 1592 carcere
1105 1527 1240 1618 dignus
1254 1531 1279 1595 ¹.
1290 1551 1309 1626 p

302 1646 358 1711 His
391 1645 543 1711 versibua'
557 1649 623 1712 duo
646 1647 722 1710 alioa
746 1647 897 1730 adjunxit
921 1643 1063 1710 Merula:

344 1763 472 1828 Omnia
499 1767 647 1829 viscatis
670 1763 832 1827 monibus
858 1764 966 1852 legat,⁸
991 1768 1108 1829 omnia
1131 1779 1263 1843 mmet,

344 1883 447 1950 Credo
470 1884 581 1959 miti,
599 1907 716 1974 pratea
736 1882 873 1970 auferat
894 1885 1010 1948 attinio
1034 1921 1080 1937 -

291 2002 438 2068 lVidatur
462 2003 563 2088 igitur
579 2000 769 2076 Gallonius,
794 2002 992 2084 patrimonio
1011 2003 1199 2088 ingentibus
1223 2026 1310 2067 sum-

298 2120 384 2186 tibus
408 2133 621 2203 consumpto,
644 2119 818 2202 praeconio
842 2121 882 2182 ad
908 2140 984 2203 opes
1010 2123 1170 2203 parandas
1191 2121 1310 2185 instau-

298 2240 500 2322 randamque
522 2240 686 2302 lautorum
702 2241 876 2320 epularum
888 2239 1136 2303 delectationem
1156 2253 1227 2302 tam
1243 2249 1309 2302 tur-

298 2358 383 2440 piter
403 2357 520 2420 abusus
539 2377 614 2432 esse,
639 2370 677 2419 ut
697 2356 851 2420 nefartis
871 2355 1007 2438 quidem
1025 2357 1231 2421 clandestinis
1251 2357 1307 2420 ab·

290 2474 455 2549 atineret,
491 2472 640 2556 quamvis
675 2472 729 2536 vix
758 2472 960 2558 intelligam,
993 2474 1159 2556 quomodo
1182 2475 1265 2538 haec
1294 2497 1310 2538 a

288 2591 433 2676 ‘pedidia
453 2591 558 2654 aliena
581 2611 647 2654 ease
671 2592 850 2672 potuerint.
898 2588 1055 2655 Ceterum
1076 2611 1144 2654 non
1164 2612 1248 2674 opus
1268 2607 1311 2656 eat

288 2723 334 2776 ut
366 2722 543 2792 patemus,
576 2707 721 2790 priorem
753 2707 869 2771 Lucilii
898 2708 1031 2781 locum,
1061 2727 1163 2789 quem
1198 2706 1310 2772 Cicero

289 2827 446 2901 certarit,
471 2825 570 2888 etiam
596 2826 637 2887 ad
657 2826 679 2886 l.
704 2822 1059 2906 xxv111peruuere;
1097 2845 1202 2906 quom
1230 2827 1269 2891 ad
1289 2827 1309 2888 l.

284 2939 344 3016 .1v
367 2957 424 3011 aut
443 2939 538 3008 XXV
557 2943 679 3005 referre
701 2942 826 3006 malim.

282 3193 307 3232 5·
339 3181 471 3246 Facilis·
494 3194 542 3244 cot
577 3179 619 3244 ab
649 3180 710 3243 isto
746 3177 897 3244 Gallonio
931 3181 971 3242 ad
1007 3177 1255 3243 Nomentanum
1281 3193 1314 3241 ct

196 3331 203 3344 ·
280 3298 512 3364 <taunucum
534 3309 671 3382 propter
691 3295 914 3378 improbitatis
935 3296 1125 3359 societatem
1144 3287 1309 3360 transitus.

298 3418 346 3482 De
382 3431 523 3500 utroque
557 3415 709 3480 Horatius
747 3428 780 3478 et
812 3414 869 3498 qui
894 3411 1085 3478 Horatianus
1102 3433 1258 3496 personat
1278 3415 1314 3476 il·
1427 3479 1428 3488 χ

283 3539 497 3608 sslustrarunt,
522 3534 670 3598 nonnihil
693 3545 839 3597 monent.
876 3531 1034 3598 Universa
1055 3534 1237 3596 traduntur
1258 3553 1315 3595 no·

303 3701 572 3726 ῤ-ι--ι

280 3859 288 3864 .
326 3831 341 3864 -ι
370 3812 556 3881 -t'ulpprm
584 3811 671 3861 Piso
698 3811 731 3862 da
751 3813 926 3862 continentia
944 3823 1070 3866 veterum
1087 3824 1179 3885 poelt.
1191 3816 1243 3866 t.1
1266 3813 1315 3884 (ei.

284 3911 398 3971 ,Maru
408 3907 445 3968 lo
458 3908 496 3960 ad
506 3907 582 3974 Enp-
594 3903 764 3974 natosqq).
778 3906 955 3974 Calpurniani
966 3911 1058 3976 operia
1070 3929 1139 3979 qnae
1152 3911 1207 3962 sat·
1216 3911 1320 3963 suerint

293 4005 367 4058 acite
386 4003 478 4056 velim.
520 3999 644 4068 Merulae
665 4009 788 4068 tempore
811 4006 915 4058 latebat
938 4004 1050 4060 l'aririiu
1068 4009 1096 4060 iu
1116 4007 1255 4062 Bibliotln.
1284 4006 1317 4060 S.

297 4100 419 4158 Victoris
437 4107 464 4150 et
477 4098 671 4168 magnoprato
683 4100 719 4153 ab
730 4119 761 4152 ao
773 4100 936 4172 habebatpr.
955 4103 1001 4157 Cl.
1014 4107 1111 4175 Prues.
1125 4107 1229 4158 rrmst.
1240 4124 1279 4176 up.
1292 4123 1317 4160 a·
1427 4117 1428 4152 l
