2860 4974
705 379 763 473 tos

225 587 270 650 cie
294 586 456 650 tirtutum
479 587 614 670 pessima
632 589 709 652 vitia
733 603 942 675 tegerentur,
967 605 999 654 et
1024 593 1077 656 ille
1099 593 1248 677 quidem

224 725 336 768 rerum
361 705 580 780 documentis,
593 706 893 770 demonstruruut1.
908 727 925 766 n
951 705 1034 772 Sane
1053 731 1150 775 nemo
1161 712 1256 797 dig-

225 824 297 886 nior
331 823 450 900 fuerit,
481 825 532 888 cui
555 827 674 906 pellem
694 827 879 890 detraheret
908 827 1071 904 Lucilius,
1094 851 1159 914 qua
1181 851 1254 894 so-

225 940 311 1004 lebat
339 941 393 1004 ille
413 941 533 1006 nitidus
558 963 616 1024 per
638 943 754 1006 urbem
779 947 892 1008 cedere
916 945 1094 1011 introrsum
1119 949 1252 1030 turpis.

223 1057 286 1122 Sed
306 1059 341 1122 in
365 1059 448 1122 illius
470 1058 545 1124 libri
566 1062 775 1147 fragmentis,
799 1063 888 1146 quod
911 1083 985 1127 euru
1010 1077 1149 1148 spectet,
1163 1069 1254 1130 nul-

224 1179 294 1239 lum
321 1177 485 1240 invenitur
502 1178 559 1240 nisi
571 1187 722 1242 sextum:
750 1179 846 1266 Quos
863 1203 954 1244 nunc
966 1179 1252 1269 Aemiliopros-

222 1306 341 1372 canto,
365 1308 468 1381 atque
490 1299 591 1384 exigo
614 1309 717 1383 utque
739 1310 898 1373 excocto,
922 1303 1012 1385 quod
1023 1299 1157 1366 obscure
1170 1302 1250 1366 dic-

224 1429 296 1480 tum
321 1435 387 1497 quo
408 1417 532 1490 vulcat,
560 1429 768 1499 perspectum
794 1438 860 1480 non
877 1418 992 1483 huben.

268 1533 360 1598 Libri
381 1535 493 1598 tertii
515 1535 728 1618 praecipuum
741 1550 976 1622 argumentum
988 1537 1129 1602 diximus
1142 1537 1248 1602 fuisse

222 1653 345 1716 itineris
363 1651 638 1733 descriptionem,
661 1653 750 1736 quod
774 1652 917 1717 Lucilius
938 1653 1049 1718 Romd
1071 1656 1147 1719 fecit
1168 1653 1249 1720 Ca-

223 1793 343 1854 puam,
370 1785 402 1834 et
433 1769 509 1834 inde
539 1771 578 1834 ad
608 1773 731 1832 fretum
764 1791 865 1854 usque
887 1767 1048 1835 Siciliense
1061 1770 1088 1837 ².
1135 1771 1247 1856 Cujus

221 1889 344 1954 itineris
375 1888 646 1971 simplicissimam
683 1889 843 1953 rationem
869 1903 901 1953 et
923 1909 1084 1976 perquam
1104 1889 1245 1978 exiguos

219 2023 347 2072 sumtus
377 2007 489 2082 luisse,
526 2005 618 2070 facile
639 2005 730 2070 nobis
752 2009 992 2089 persuademus.
1039 2003 1243 2091 Suscepturn

221 2127 309 2190 euim
337 2149 414 2191 cum
438 2146 505 2189 uuo
524 2124 593 2188 viae
614 2123 752 2200 comite,
775 2138 930 2209 sequente
953 2145 1055 2189 servo.
1103 2127 1151 2191 Ac
1168 2127 1245 2209 pri-

220 2267 316 2310 mum
337 2245 470 2329 quidem
487 2246 632 2327 pedestre
656 2244 786 2307 videtur
800 2243 912 2320 suisse3
938 2241 1107 2307 cantherio
1124 2257 1240 2309 autem

220 2365 396 2427 manticem
410 2361 576 2444 imposuit,
589 2383 673 2445 quae
687 2363 863 2445 costasejus
874 2361 1033 2448 gravitate
1051 2363 1242 2446 premebat.

223 2481 274 2544 Sic
287 2480 394 2544 Romal
407 2480 613 2562 proficiscens
625 2477 787 2543 referebat
799 2478 944 2563 priscum
958 2479 1052 2542 illum
1065 2480 1243 2556 Catonern,

222 2600 291 2682 pari
314 2599 520 2682 simplicitate
544 2597 607 2663 iter
628 2597 898 2676 instituentem³;
925 2599 1087 2663 rescrebat
1097 2599 1241 2663 seniores

222 2719 365 2794 amicos,
388 2718 535 2782 Laelium
558 2731 591 2782 et
614 2715 810 2800 Scipionem,
841 2739 938 2801 parce
963 2715 1135 2802 sobrieque
1157 2715 1241 2781 soris

222 2841 339 2924 degere
371 2839 490 2902 solitos.
535 2833 659 2900 Ostiam
694 2837 839 2910 delatus,
861 2837 956 2918 juxte
981 2855 1072 2898 mare
1092 2835 1133 2900 ad
1153 2835 1239 2898 lines

223 2953 412 3021 Setinorum
435 2953 612 3018 contendit.
658 2951 734 3036 Quo
756 2951 1038 3048 appropinquanti
1056 2953 1127 3030 riu,
1151 2973 1240 3037 quae

220 3078 293 3142 satis
316 3075 483 3159 expedita,
509 3088 594 3139 certe
618 3075 726 3137 miuus
746 3074 847 3136 ardua
865 3076 996 3149 fuerat,
1017 3075 1156 3158 majores
1171 3073 1245 3137 dif-

222 3197 382 3259 licultates
392 3193 527 3280 objecit,
545 3192 668 3279 quippe
679 3192 851 3276 paludibus
864 3191 1044 3276 Pomptinis
1056 3193 1143 3258 invia
1156 3195 1238 3257 fore.

222 3313 303 3378 Inde
322 3335 339 3376 e
356 3315 489 3397 planitie
503 3325 630 3377 montes
651 3326 744 3376 erant
763 3313 938 3395 superandi
960 3313 1062 3395 asperi
1088 3327 1123 3376 et
1138 3333 1242 3395 prae-

222 3430 324 3512 rupti.
359 3427 556 3493 Perventum
585 3427 756 3512 Capuam,
790 3427 846 3491 ubi
879 3429 1077 3502 commorari
1100 3427 1239 3512 placuit.

222 3547 356 3616 Alfuisss
379 3547 425 3609 ibi
441 3546 583 3610 Lucilius
601 3547 772 3612 certamini
790 3547 981 3633 gladiatorio
994 3545 1139 3622 videtur,
1163 3567 1242 3611 oer-

223 3667 364 3732 tentibus
386 3663 562 3730 Aesernino
584 3663 730 3730 Samnite
763 3678 796 3730 et
828 3665 1050 3743 Placideiauo,
1078 3664 1135 3750 qui
1166 3677 1242 3730 arte

258 4001 269 4038 t
308 3984 423 4052 Proleg·
440 3983 479 4034 od
498 3985 538 4034 Οἱ
550 4003 574 4034 ι’.
593 3985 678 4032 Brut.
698 3999 725 4048 p.
737 3979 878 4036 valtl.

258 4101 274 4138 a
310 4079 378 4145 sup.
399 4096 426 4144 p.
444 4077 488 4146 59.

257 4179 273 4242 5
313 4177 514 4242 Senecdt'p
541 4176 583 4244 87.
