2860 4974
642 372 706 436 213

143 555 222 633 hat,
255 555 342 618 unde
377 555 430 618 illa
454 552 487 618 in
512 551 663 637 populari
690 551 818 617 ratione
844 549 956 615 levitas
980 551 1157 614 exstitisset.

142 673 228 738 Nam
251 671 308 757 qui
326 669 434 736 adhuc
457 692 477 734 a
500 669 593 736 bonis
611 691 741 754 semper
764 669 962 744 dissederat,
976 667 1075 752 idque
1089 687 1159 739 mo·

143 791 195 858 liri
220 804 291 855 erat
312 790 407 866 visus,
434 801 472 853 ut
491 788 684 872 exstirparet
705 787 906 872 optimatum
916 785 1159 860 auctoritatem,

143 909 274 974 munit
293 907 403 973 subito
423 920 534 972 mente
556 906 700 971 adhaesit
724 905 783 981 iis,
807 918 906 992 atque
930 903 975 968 ita
986 917 1161 969 assentatus

143 1037 221 1103 est,
237 1040 276 1091 ut
295 1027 459 1091 blanditus
477 1025 564 1110 plebi
591 1027 708 1091 suerat.
754 1021 868 1110 Neque
889 1037 1000 1088 umen
1021 1023 1049 1088 ei
1072 1025 1160 1086 hunc

144 1147 185 1210 ad
218 1143 320 1209 bonos
352 1146 496 1210 reditum
528 1145 645 1208 afferre
671 1166 690 1207 a
718 1141 813 1207 bonis
835 1144 974 1206 salutern
998 1141 1159 1224 potuisse,

146 1282 225 1325 mox
249 1261 366 1346 patuit.
390 1259 475 1326 Nam
496 1275 671 1346 postquam
694 1258 733 1326 C.
758 1257 947 1334 Gracchus,
972 1259 1029 1344 qui
1049 1258 1162 1322 Aren·

147 1377 255 1444 tinum
281 1379 409 1444 arrnatd
432 1379 644 1448 multitudine
667 1391 905 1462 occupaverat,
930 1399 948 1442 a
972 1377 1009 1440 L.
1024 1374 1162 1460 Opimio

146 1501 277 1566 consule
289 1519 328 1562 ex
340 1495 427 1566 scio
437 1496 625 1562 interfectus
642 1510 729 1574 erat,
743 1495 785 1580 Q.
800 1495 917 1560 Decius
931 1493 1081 1560 tribunus
1093 1498 1162 1578 ple-

147 1614 196 1680 bis
214 1615 388 1700 majestatis
411 1637 489 1680 eum
511 1613 673 1680 accusavit
691 1614 899 1702 negavitque,
921 1614 1031 1680 salutis
1053 1612 1160 1676 omni-

149 1742 259 1798 umet
284 1735 523 1799 conservandae
543 1731 741 1817 reipublicae
766 1732 861 1798 causl
885 1733 936 1798 uel
956 1729 1163 1796 sceleratissi-

149 1873 242 1914 mum
264 1851 370 1916 civem
393 1852 461 1916 sine
479 1852 603 1936 judicio
635 1851 743 1917 necari
764 1851 871 1916 licere.
918 1851 1006 1913 Tum
1028 1847 1153 1933 Opimii

146 1989 276 2032 cainam
308 1969 426 2033 acriter
461 1967 605 2033 defendit
639 1967 750 2034 Carbo
779 1989 842 2032 cos.
879 1989 939 2031 nec
973 1967 1160 2050 quidquam

147 2085 187 2150 de
210 2083 249 2150 C.
274 2085 417 2152 Gracchi
439 2108 517 2151 neoc
538 2086 690 2172 negarit,
714 2087 770 2150 sed
790 2085 823 2148 id
840 2087 916 2170 J'ure
939 2107 976 2148 ac
989 2105 1050 2168 pro
1058 2085 1161 2148 salute

148 2203 271 2286 patriae
295 2224 333 2268 ex
351 2201 438 2270 SCto
459 2207 584 2270 lactum
605 2226 670 2269 esse
688 2202 864 2269 contendit.
912 2202 1021 2287 Atque
1037 2203 1081 2266 sic
1105 2203 1159 2270 ille

147 2322 280 2406 quidem
314 2323 426 2406 populi
458 2322 617 2409 suffragiis
651 2322 817 2388 absolutus
849 2335 895 2386 est
910 2321 936 2386 ¹.
988 2319 1051 2386 Sed
1082 2342 1159 2386 mox

147 2439 268 2504 exstitit
289 2439 405 2504 nobilis
427 2441 481 2506 illa
503 2440 543 2504 L.
568 2441 684 2534 Licinii
709 2439 812 2506 Crassi
836 2441 1015 2505 admodum
1041 2443 1162 2506 adoles-

147 2556 247 2620 centis
271 2555 305 2618 in
319 2554 503 2621 Carbonem
526 2557 703 2634 accusatio,
717 2579 801 2644 quse
814 2571 852 2622 ut
864 2558 966 2644 actori
983 2558 1162 2622 maximam

148 2675 299 2749 laudem,
323 2671 370 2739 ita
388 2696 445 2740 reo
471 2676 607 2740 exitium
632 2676 752 2740 attulit.
789 2675 947 2762 erarnvis
971 2690 1162 2748 autemnon

148 2793 266 2856 diserte
285 2793 454 2868 tradatur,
479 2813 581 2876 quam
605 2792 649 2858 ob
670 2814 798 2858 oausam
824 2792 860 2857 in
880 2793 1041 2886 judicium
1064 2812 1163 2864 soca-

149 2925 199 2976 tus
232 2911 295 2987 sit,
332 2924 443 2974 tamen
473 2911 626 2995 suspicari
653 2912 743 2988 licet,
776 2911 928 2977 obmalc
951 2925 1081 3000 gestum
1104 2911 1161 2974 tri-

148 3029 312 3093 bunatum
338 3027 371 3093 id
394 3027 554 3095 accidisse.
600 3029 639 3096 ln
663 3031 809 3094 oratione
830 3030 941 3104 enim,
974 3051 1075 3114 quam
1102 3031 1160 3102 ha-

149 3146 222 3212 huit
242 3145 390 3224 Crassus,
413 3169 463 3212 res
492 3147 545 3215 illa
567 3148 635 3234 ipsa
654 3149 801 3236 tangitur
818 3147 866 3212 his
890 3148 1010 3212 verbis:
1037 3173 1054 3214 u
1069 3146 1161 3224 Non,

147 3264 171 3329 si
197 3262 372 3349 Opimium
393 3266 583 3342 defendisti,
619 3266 746 3344 Carbo,
769 3267 888 3331 iccirco
906 3280 937 3331 te
961 3267 1012 3330 isti
1035 3267 1161 3330 bonum

148 3383 254 3448 ciuem
283 3385 466 3467 putabunt:
488 3383 655 3456 simulasse
679 3396 711 3448 te
737 3397 769 3449 et
793 3385 886 3453 aliud
902 3385 982 3468 quid
1006 3388 1163 3470 quaesisse

138 3503 358 3587 perspicuum
387 3515 453 3579 est,
477 3506 565 3588 quod
597 3502 648 3567 Ti.
682 3501 823 3569 Gracchi
849 3517 994 3568 rnortcm
1015 3527 1107 3589 nepe
1129 3507 1162 3570 in

138 3621 354 3685 sandonibus
385 3619 578 3705 deplorasti,
621 3624 710 3706 quod
744 3621 779 3688 Ρ.
814 3619 959 3686 hhicani
993 3625 1078 3688 necis
1107 3645 1164 3687 so·

147 3737 213 3806 cius
234 3740 342 3816 suisti,
366 3743 455 3832 quod
478 3762 550 3806 eam
568 3745 676 3831 leqem
699 3741 735 3805 in
759 3742 928 3815 tribunatu
952 3743 1060 3816 tulisti,
1076 3745 1163 3825 quod

181 4039 193 4078 ι
230 4028 312 4087 ων,
341 4029 424 4099 rapu.
442 4029 486 4084 σι.
520 4003 598 4085 ure}
629 4005 717 4088 oaesi.
737 4029 763 4093 1,
783 4049 811 4095 η,
831 4030 858 4082 t.
889 4033 931 4081 ne
952 4033 1033 4083 oras.
1056 4031 1098 4096 rs,
1120 4030 1173 4092 125,

147 4124 206 4178 106.
224 4123 268 4190 Su,
292 4123 349 4182 152·
375 4129 498 4182 Partiri.
519 4140 592 4182 orat.
612 4129 656 4192 oo,
678 4127 738 4180 rol'.
