2888 4972
627 397 691 460 277

158 569 308 636 Artifices
331 571 376 636 illi
402 573 567 638 vernaculi
589 569 656 638 sive
674 572 843 636 histriones
862 561 929 636 sine
953 573 1054 638 dubio
1065 571 1163 636 liber·

151 686 230 764 tini,
254 709 321 754 non
345 690 477 776 ingenui
501 693 652 754 luerunt:
677 689 777 754 iidem
790 705 901 754 autem
916 711 954 755 eo
967 703 1116 775 tompore
1130 703 1163 754 et

150 819 297 870 auctores
311 819 343 870 et
356 820 479 871 actores
491 821 688 872 saturarum.
716 805 830 892 Itaque
844 806 1016 873 verisimile
1027 821 1085 882 est,
1098 807 1165 890 pri-

151 943 199 998 us,
211 943 313 1007 quarn
326 939 519 1011 peragerent
529 938 662 1002 saturas,
671 926 898 1012 excogitationi
912 947 965 990 eos
979 925 1082 990 otium
1097 926 1165 988 irn-

151 1039 312 1122 pendisse:
330 1045 420 1127 quod
431 1041 492 1107 nisi
503 1056 681 1119 statuatur,
693 1044 767 1108 satis
778 1043 891 1107 mirari
904 1065 970 1106 non
982 1063 1163 1126 possumus,

152 1161 320 1244 quomodo
339 1163 381 1225 ad
402 1161 569 1226 tibicinem
588 1175 702 1226 cantus
725 1161 901 1244 descriptus
914 1161 969 1237 sit}
990 1161 1165 1242 sedscrip-

153 1291 187 1340 to
198 1297 266 1341 non
279 1278 429 1342 videntur
441 1299 504 1342 ease
518 1281 700 1344 mandatae.
726 1277 921 1362 Nuperrime
933 1279 1044 1364 negari
1059 1279 1163 1342 visum

152 1407 219 1469 est,
247 1395 309 1458 boc
341 1394 490 1460 ludicrae.
518 1399 648 1477 poeseos
676 1416 777 1480 genus
800 1407 1008 1458 saturarum
1031 1395 1165 1486 nomine

153 1511 346 1597 insignitum
378 1511 495 1589 luisse,
528 1515 584 1578 sed
613 1525 670 1577 aut
698 1513 833 1596 proprio
857 1513 991 1577 nomine
1010 1513 1164 1587 caruisse,

154 1640 211 1692 aut
244 1631 308 1692 tale
340 1629 487 1693 habuisse
519 1631 608 1712 quod
643 1629 848 1716 ignoraretur
876 1652 896 1693 a
931 1629 1078 1713 posteris,
1108 1643 1167 1693 aut

153 1745 345 1828 simpliciter
369 1745 474 1812 ludos
506 1749 709 1830 appellatum
732 1745 865 1812 suisse1.
912 1745 974 1811 Sed
997 1759 1084 1810 recte
1108 1769 1167 1811 ve·

154 1877 258 1928 terem
274 1865 461 1946 opinionem
487 1865 677 1941 tuebimur,
701 1864 1009 1940 animadvertentes,
1034 1865 1166 1928 Liuium

154 2002 221 2046 non
241 1979 361 2046 diserto
382 1983 582 2066 scripturum
604 1983 699 2046 luisse
723 1985 787 2068 qui
798 1983 842 2046 ab
865 1985 1036 2046 saturis
1059 2005 1167 2046 aurae

156 2112 282 2176 σει-η
295 2100 355 2164 nisi
384 2103 471 2184 apud
497 2122 574 2164 eum
606 2097 800 2168 constitisset
819 2102 865 2164 de·
878 2101 1002 2165 solenni
1025 2123 1063 2164 ac
1085 2121 1167 2183 pro-

156 2219 227 2302 prio
255 2220 323 2303 ejus
344 2219 493 2284 vocabuli
515 2219 549 2282 in
573 2221 637 2284 boc
659 2218 796 2284 artificio
815 2241 884 2284 usu.
920 2217 1049 2282 Nomen
1068 2219 1168 2304 igitur

156 2357 259 2422 genus
289 2336 406 2401 babuit
422 2359 441 2402 a
458 2357 572 2403 rerum
594 2337 832 2420 descriptarum
855 2337 1008 2400 uarietate
1031 2359 1068 2401 ac
1089 2357 1168 2420 per-

157 2455 322 2540 plexitate.
346 2453 421 2520 Post
438 2455 548 2522 Livius
569 2454 775 2522 Andronicus
788 2453 932 2520 Graecae
949 2454 1073 2519 fabulas
1086 2475 1170 2518 con·

158 2572 251 2640 textis
274 2572 475 2657 argumentis
493 2574 608 2636 docere
630 2571 757 2654 coepit,
781 2593 875 2656 quae,
900 2593 1169 2658 magnopere-po-

158 2694 236 2774 pulo
262 2689 438 2773 probatae,
466 2690 584 2754 sensim
609 2691 709 2772 paulo
728 2689 832 2775 magis
852 2693 976 2754 enltam
996 2690 1074 2754 artis
1093 2711 1171 2773 spe*

158 2809 242 2874 ciem
261 2810 456 2872 retulerunt.
491 2805 605 2890 Neque
630 2819 744 2872 tamen
765 2805 978 2890 antiquissimi
992 2809 1172 2872 acdomes·

159 2927 214 2991 tici
240 2925 427 2991 carminum
440 2928 527 2990 lusus
539 2923 852 2990 oblivionirnandati
864 2937 951 2988 sunt.
984 2923 1068 2988 Nam
1080 2937 1170 3008 post·

156 3063 259 3128 quam
281 3041 511 3117 histrionibus,
545 3040 602 3125 qui
625 3040 754 3123 pridem
775 3043 944 3125 perplexas
964 3041 1102 3105 historiis
1122 3046 1171 3105 fa-

156 3161 249 3226 bulas
275 3171 521 3244 expresserant‚
557 3159 747 3224 fabularum
762 3159 962 3224 Graecarum
983 3171 1073 3222 actus
1096 3179 1170 3241 per·

158 3279 273 3344 missus
297 3278 334 3342 in
361 3293 530 3361 posterum
553 3288 646 3353 erat,
681 3289 825 3343 veterem
858 3295 989 3339 morem
1020 3275 1169 3340 Romana

156 3399 313 3480 iuventus
329 3395 476 3480 repetiit,
501 3407 538 3458 ut
551 3393 709 3479 jocularia
723 3394 846 3457 intexta
867 3392 1011 3458 versibus
1030 3393 1115 3457 inter
1137 3417 1178 3458 se·

155 3515 354 3607 jactitarent.
387 3511 486 3599 Quod
504 3513 653 3577 subitum
675 3533 713 3576 ac
740 3509 918 3574 fortuitum
942 3524 975 3574 et
1001 3514 1169 3598 ἁμοιβαίον

158 3635 290 3699 lustrum
313 3652 416 3718 genus
437 3632 511 3696 ideo
530 3631 748 3695 instauratum
772 3649 837 3692 esse
860 3629 1019 3714 legimns,
1044 3629 1170 3711 quoda

159 3754 240 3818 risu
261 3750 456 3838 solutisque
467 3750 566 3836 jocis
583 3747 773 3816 fabularum
795 3767 846 3813 res
858 3759 989 3812 avocata
1001 3757 1080 3810 erat.
1101 3745 1171 3809 Pri·

194 4109 207 4148 r
246 4099 409 4149 Dantur
427 4097 479 4166 os.
498 4092 519 4149 I.
536 4110 567 4162 Ρ.
584 4094 611 4148 6.
