2894 4986
758 319 799 382 20

292 496 374 562 Nam
400 499 481 561 alter
508 497 608 560 vitam
632 496 750 560 dicitur
770 496 888 582 degisse
905 496 937 559 in
957 495 1106 580 judiciis,
1131 497 1163 560 in
1186 499 1289 562 altero

290 637 386 681 usum
404 619 561 682 forensem
591 615 773 694 desiderari,
803 613 917 681 Cicero
942 615 1027 680 testis
1046 628 1105 680 est.
1132 614 1288 683 Versatur

288 749 397 801 autem
424 733 539 802 Cicero
574 754 613 798 eo
635 735 702 817 ipso
730 737 800 799 loeo
828 733 863 798 in
886 734 1047 799 censendis
1071 734 1288 799 mediocribus

290 854 494 930 oratoribus,
532 855 641 937 qualos
684 855 834 916 feruutur
870 853 964 916 luisse
1000 850 1062 918 Cn.
1099 852 1285 928 Domitius,

287 970 326 1037 C.
349 970 493 1048 Coelius,
515 970 561 1036 M.
585 970 786 1046 Herennius,
816 969 853 1036 C.
879 968 1007 1037 Clodius
1028 971 1176 1037 Pulcher.
1200 969 1287 1054 Qui·

280 1087 346 1154 ·bus
380 1102 412 1153 et
432 1088 652 1154 mediocritate
675 1088 826 1152 orationis
856 1100 889 1152 et
912 1088 1021 1154 aetatis
1044 1089 1170 1152 ratione
1190 1109 1287 1154 com-

286 1210 383 1272 mode
416 1207 547 1293 adjungi
568 1204 606 1272 C.
633 1205 736 1270 Titius
757 1205 885 1289 potuit,
910 1227 969 1270 nee
986 1207 1136 1272 contendi
1159 1227 1285 1271 neeesse

285 1339 353 1400 est,
383 1347 466 1410 quae
482 1325 561 1396 vitia
585 1325 702 1408 carpsit
722 1324 754 1387 iu
776 1344 815 1388 eo
835 1324 898 1388 Dio
915 1322 1062 1402 Cassius,
1085 1326 1198 1389 eadem
1222 1323 1283 1390 Ci-

285 1463 437 1509 ceronem
468 1456 672 1526 persecutum
704 1464 777 1508 esse.
822 1442 937 1528 ltaque
969 1455 1098 1525 praeter
1125 1446 1286 1528 eloquen-

285 1561 347 1624 tiae
370 1560 626 1626 mediocritatem
647 1571 785 1624 aetatem
809 1579 940 1643 quoque
961 1561 1056 1643 hujus
1079 1557 1159 1623 Titii
1184 1560 1284 1624 inlo-

283 1697 360 1740 cum
386 1674 547 1742 Cicerouis
569 1678 750 1761 quadrare,
772 1688 922 1758 apertum
942 1689 999 1740 est.
1044 1673 1282 1755 Nemeorum,

282 1794 339 1878 qui
360 1807 622 1877 praecesserunt,
645 1795 827 1859 consulatus
860 1793 895 1856 in
922 1795 980 1858 hos
1012 1815 1111 1859 annos
1139 1794 1282 1858 incidere

281 1911 462 1978 observavit
474 1911 655 1988 Ellendt,
666 1911 801 1976 Domitii
816 1911 850 1975 in
861 1932 985 1976 annum
999 1912 1063 1977 656
1079 1909 1162 2006 (96),
1176 1910 1278 1977 Coelii

278 2030 313 2095 in
337 2031 402 2095 660
416 2029 500 2120 (94),
524 2027 676 2094 Herennii
693 2029 727 2092 in
749 2029 811 2092 661
829 2025 912 2114 (93),
938 2027 1041 2096 Clodii
1060 2030 1096 2094 in
1113 2031 1177 2094 662
1194 2028 1278 2119 (92).

275 2147 391 2232 Quum
404 2148 503 2236 igitur
511 2168 597 2212 anno
609 2148 673 2212 665
690 2145 759 2235 (89)
771 2145 867 2210 turba
880 2168 898 2211 a
914 2146 1001 2212 Titio
1013 2147 1150 2213 excitata
1161 2151 1280 2214 adseri·

279 2267 387 2342 batur,
402 2268 489 2330 haud
500 2266 649 2341 dubium,
663 2265 743 2350 quin
754 2285 830 2330 eum
842 2266 1019 2352 significare
1032 2267 1170 2336 voluerit
1183 2266 1278 2334 Cice-

273 2406 323 2449 ro.
347 2385 397 2448 Ac
419 2405 459 2447 ns
480 2383 551 2466 quis
572 2395 665 2466 putet
687 2385 809 2467 majore
830 2404 849 2446 a
868 2383 1084 2466 superioribus
1103 2385 1276 2451 intervallo

273 2500 416 2584 separari
449 2499 574 2564 Titium
607 2499 706 2564 videri
741 2521 830 2584 posse
864 2503 1278 2587 quandoquidemdicatur

277 2619 426 2707 ay'mdem
435 2616 543 2706 scre
566 2620 730 2705 ternporis
745 2617 875 2705 juisse.
920 2618 1019 2685 Vetat
1032 2621 1119 2684 euim
1143 2618 1279 2687 Cicero·

276 2739 324 2802 nis
346 2757 439 2806 mos.
465 2736 521 2821 qui
543 2736 577 2800 in
597 2737 660 2800 hoc
675 2735 773 2813 libro,
794 2734 851 2801 ubi
875 2737 1111 2819 provectiorem
1136 2751 1276 2804 aetatem

277 2856 411 2942 intelligi
452 2854 556 2919 verbis
588 2853 652 2918 istis
677 2857 767 2929 vult,
803 2855 917 2920 diserte
946 2855 1045 2922 addit.
1091 2854 1143 2921 lta
1175 2877 1204 2923 c.
1231 2859 1275 2923 25

278 2973 487 3061 temporibus
514 2970 638 3036 iisdem
665 2970 783 3058 fers,
813 2971 871 3037 sed
894 2974 1035 3062 longius
1056 2987 1168 3039 aetate
1187 2997 1277 3062 pro-

267 3106 408 3172 cacem
445 3115 547 3178 quare
580 3089 633 3156 hic
656 3096 741 3156 nude
760 3094 901 3175 positum
913 3093 991 3179 sero
1014 3117 1191 3178 supparem
1217 3119 1277 3162 ae·

274 3225 375 3275 tatem
393 3213 541 3277 ostendit.

318 3327 434 3411 ltaque
470 3350 574 3413 quum
609 3331 688 3394 haee
719 3329 792 3394 satis
828 3331 1011 3405 declarent,
1041 3328 1275 3413 perturbatum

274 3445 435 3511 Ciceronis
471 3448 579 3510 locum
612 3448 645 3510 in
682 3445 784 3512 Bruto
814 3469 898 3520 esse,
932 3450 1021 3511 nulla
1055 3449 1116 3512 alia
1143 3450 1275 3516 videtur

267 3562 355 3625 ,ratio
387 3583 450 3626 esse
457 3606 467 3638 ,
503 3583 568 3646 qua
591 3566 659 3647 ejus
689 3566 881 3630 sententiam
902 3565 1118 3642 vindicemus,
1144 3583 1274 3649 praeter

272 3682 372 3754 hanc,
406 3693 443 3744 ut
470 3683 522 3745 rel
545 3678 583 3746 C.
602 3679 750 3758 Titium,
771 3684 861 3766 eujus
882 3684 980 3748 etiarn
1002 3705 1090 3749 uuna
1113 3685 1147 3748 in
1169 3682 1274 3749 Bruto

272 3797 431 3861 memoria
450 3811 570 3874 exstat,
594 3800 695 3863 eloco
715 3802 856 3883 quodam
876 3802 1040 3885 superiore
1059 3803 1091 3865 in
1110 3805 1275 3888 posterio-

271 3936 341 3979 rem
372 3915 521 4000 migrasse
535 3938 691 4000 eumque,
715 3917 771 4000 qui
794 3915 900 3982 abesse
918 3939 983 3982 nou
1003 3931 1130 4002 potest,
1155 3935 1274 3985 extur-

271 4032 358 4096 basse
386 4034 607 4114 suspicemur,
650 4036 711 4111 vel,
742 4038 829 4118 quod
857 4037 961 4118 potius
994 4037 1075 4100 milri
1112 4039 1271 4117 ridetur,
