2888 4972
605 385 670 446 289

18 533 19 628 i
130 561 222 625 thrit
241 549 344 646 igitur
361 569 394 624 ol
413 561 773 644 commendandarum·
790 561 911 625 sentiit
932 561 1144 626 fortissimum

18 655 19 658 Ἴ
132 681 303 742 custodem
327 677 539 763 rigidumque
564 679 751 754 satellitem,
782 680 956 755 virtutem,
988 680 1027 742 in
1045 701 1148 764 eaque

133 789 331 861 celebranda
361 797 449 860 haud
484 791 650 860 minorem
671 799 804 862 fortasse
826 817 928 880 qnam
947 795 982 861 in
1004 800 1150 862 notanda

134 907 347 996 improbitate
363 931 497 996 operam
518 914 635 995 posuit.
680 911 793 998 Netpre
817 915 907 978 enim
920 935 1004 999 quae
1027 914 1150 980 breuis-

136 1031 217 1096 sime
248 1032 290 1096 ad
316 1029 535 1096 definiendam
568 1031 727 1096 virtutem
759 1046 988 1114 composuerat
1009 1055 1047 1098 ac
1067 1053 1152 1100 coa·

137 1149 349 1223 donaverat,
372 1149 468 1212 missa
490 1148 618 1214 videtur
641 1149 759 1213 fecisse.
785 1147 917 1214 Etenim
942 1150 1149 1227 Lactantius,

139 1267 196 1352 qui
219 1267 401 1330 Lucilianos
421 1268 461 1330 de
487 1268 609 1331 virtute
633 1287 742 1332 versus
760 1269 919 1344 servavit,
943 1291 1014 1334 suas
1035 1270 1160 1356 singu·

139 1385 174 1450 lis
196 1381 394 1448 delinitionis
416 1383 564 1466 partibus
576 1382 794 1448 dubitationes
804 1399 972 1468 opponens
998 1411 1016 1454 «
1029 1387 1152 1461 omnia,

141 1501 206 1578 ait,
240 1521 356 1566 earnm
386 1501 660 1584 philosophorum
687 1517 859 1586 praecepta
892 1502 1059 1584 pertinent
1085 1526 1151 1570 noa

142 1623 182 1684 ad
216 1620 318 1684 vitem
349 1618 478 1684 homini
508 1620 781 1701 comparandam,
804 1623 860 1686 sed
887 1624 928 1688 a'd
952 1625 1153 1705 quaerendas

142 1742 193 1803 rel
216 1739 257 1802 ad
282 1739 443 1824 sugendas
467 1757 564 1821 opes,
589 1739 750 1815 honores,
771 1739 933 1825 glorium,
958 1743 1152 1825 potentiam,

144 1857 413 1942 praeripiuntque
444 1855 562 1941 quibus
582 1857 688 1921 modis
711 1877 761 1922 res
778 1851 948 1924 familiaris
969 1861 1155 1940 quaerenda

143 1977 206 2051 sit,
230 1975 308 2060 quia
332 1973 443 2039 vident
464 1977 550 2038 male
574 1975 684 2059 quaeri
705 1978 816 2040 solere.
832 1995 850 2034 s>
875 1973 966 2058 Quae
980 1989 1154 2060 postquam

146 2094 298 2168 indicavit
319 2094 675 2177 philosophispropria‚
688 2095 812 2158 addidit
823 2115 870 2168 ea,
892 2113 976 2179 quae
989 2109 1154 2176 praeterea

147 2211 337 2277 communia
351 2211 400 2274 his
422 2231 499 2274 cum
522 2210 649 2274 Lucilio
673 2225 787 2276 essent.
814 2209 1007 2275 «Sedenim
1024 2209 1156 2299 (divitiis

147 2330 292 2414 pretinm
324 2325 520 2412 persolvere)
555 2331 651 2411 poeta
687 2327 856 2416 (Lucilius)
891 2343 924 2394 et
952 2329 998 2392 illi
1021 2349 1157 2405 omnes,

147 2471 227 2534 quos
254 2460 382 2513 secutus
411 2461 476 2522 est,
512 2460 732 2529 putaverunt,
756 2461 844 2512 recte
864 2447 979 2530 opibus
1001 2449 1072 2524 uti,
1097 2450 1159 2512 hoc

148 2581 194 2633 est
224 2567 312 2654 frugi
332 2587 415 2640 esse,
448 2587 516 2630 non
538 2566 696 2629 instruere
720 2566 868 2630 convitia
887 2579 1076 2642 sumtuose,
1099 2587 1160 2632 uec

149 2684 260 2773 largiri
295 2693 529 2760 temere‚·'non
552 2685 718 2748 effundere
741 2683 776 2746 in
798 2705 850 2748 res
867 2703 1085 2765 supervacuas
1102 2699 1159 2748 aut

149 2817 259 2887 turpes
292 2823 365 2866 rem
388 2803 621 2867 familiarem.»
670 2800 870 2888 Magnopere
889 2804 1068 2868 dolendum
1092 2814 1158 2876 est,

150 2944 217 2987 non
233 2921 387 2986 indicasse
405 2920 634 2994 Lactantium,
658 2941 675 2984 e
697 2941 764 3003 quo
783 2920 958 2984 satirarum
979 2921 1063 2984 libro
1085 2922 1161 2984 lon-

151 3041 278 3128 giorem
306 3040 401 3104 illurn
436 3037 552 3102 Lucilii
579 3039 619 3100 dc
648 3034 770 3102 virtute
804 3040 914 3102 locum
948 3037 1159 3120 descripserit.

151 3157 280 3224 Verum
306 3157 383 3222 huie
407 3155 538 3221 silentio
560 3155 747 3240 conjecturd
771 3155 922 3220 videmur
936 3155 1029 3221 nobis
1047 3175 1161 3220 cucur·

152 3295 223 3341 rere
255 3287 355 3360 posse.
403 3273 537 3340 Constat
561 3273 651 3338 enirn
675 3272 761 3338 libro
777 3271 873 3338 XXV
895 3274 936 3338 de
960 3273 1164 3356 parcimonia

154 3415 251 3482 agere
281 3393 471 3465 instituisse.
507 3393 573 3458 siae
607 3392 715 3476 potius
735 3393 1020 3477 praemonuisses,
1056 3393 1101 3456 ita
1126 3407 1163 3456 ut

154 3516 286 3579 doceret
307 3517 403 3600 gulae
426 3533 493 3577 non
519 3512 583 3576 ease
612 3512 849 3596 indulgendum
866 3523 1081 3594 ventremque
1107 3533 1165 3575 co-

154 3635 359 3697 arctandum.
408 3631 459 3696 Ad
488 3649 566 3696 eum
584 3631 812 3716 igiturlocum
839 3643 968 3711 praeter
985 3630 1055 3705 illa,
1080 3651 1163 3712 quse

154 3751 194 3815 dc
224 3750 414 3815 sumtuariis
445 3749 570 3835 legibus
602 3747 792 3830 exposuit¹‚
817 3747 1035 3829 pertinuerint
1060 3768 1162 3827 (purae,

161 3967 266 3976 u--....-
294 3963 434 3972 ’θη-σω·-

192 4111 203 4148 ι
241 4113 269 4161 p.
296 4111 344 4160 aa,
364 4111 424 4163 ¹9²·
