2860 4974
762 339 825 400 2t0

289 517 422 580 sinuatus
458 527 505 580 est
519 515 544 578 ¹.
561 535 577 572 a
625 512 687 576 Sed
719 516 827 598 gravis
858 533 952 578 carran
985 529 1052 590 eat,
1088 537 1148 580 cur
1185 536 1306 582 verum

288 633 401 698 vidisse
426 645 603 715 putemus,
629 631 686 714 qui
705 625 826 713 Cajum
843 630 1070 708 exhibuerint,
1094 649 1307 716 poctmmum

287 771 307 812 a
337 746 494 814 Cicerone
518 760 743 812 memoratum
757 745 784 809 ².
817 745 921 822 Nam,
943 769 1050 832 quum
1069 748 1199 832 plebeJa
1223 764 1309 815 esset

289 863 479 931 Carbonum
497 864 633 940 familia,
657 863 832 947 quaestura
847 867 977 928 functus
991 886 1021 928 a.
1034 867 1099 928 618
1115 863 1222 952 (136),
1247 867 1309 930 tn'·

288 983 452 1046 hunatum
473 1003 502 1046 a.
513 983 578 1044 623
605 978 697 1068 (131)
723 981 826 1056 adiit,
849 980 883 1043 in
907 1001 974 1063 quo
997 981 1309 1066 maximeceoppo-

285 1100 351 1164 suit
374 1097 517 1180 Scipioni
537 1113 570 1162 et
590 1100 624 1160 in
646 1101 736 1162 hune
753 1097 856 1180 plebis
868 1097 955 1160 iram
973 1101 1149 1162 accendere
1161 1099 1305 1166 studuit.

287 1217 487 1282 Versabatur
510 1219 617 1280 adhuc
631 1216 665 1278 in
688 1213 886 1282 Numantiae
908 1215 1154 1301 oppugnatione
1173 1215 1308 1298 Scipio,

285 1353 356 1416 ¹quo
389 1347 540 1416 tempore
564 1335 604 1396 de
628 1332 678 1395 Ti.
703 1331 847 1398 Gracchi
876 1354 954 1399 nece
980 1333 1099 1398 certior
1119 1346 1167 1398 cst
1188 1336 1308 1398 factm.

291 1449 366 1536 Quo
390 1451 511 1514 nuncio
545 1462 678 1532 accepto
716 1452 822 1514 sertrar
855 1448 1071 1514 Homericum
1095 1451 1177 1515 illud
1198 1452 1307 1514 excla-

289 1587 408 1630 masse:
431 1567 492 1640 Ὣς
515 1564 665 1630 ἀπόλοιτο
689 1568 743 1627 καὶ
765 1563 882 1643 ἄλλος,
905 1566 972 1639 ὅτις
997 1573 1126 1630 τοιαῦτά
1149 1591 1184 1644 γε
1208 1566 1306 1650 ῥέζοι.

290 1681 396 1766 Captd
416 1681 614 1758 Numantia,
638 1702 744 1765 quum
765 1679 979 1764 triumphum
1002 1697 1135 1748 acturus
1159 1683 1307 1748 Romam

288 1800 450 1876 rediisset,
473 1801 514 1862 ab
538 1800 606 1882 ipra
626 1819 708 1880 pena
732 1797 822 1862 urbis
832 1812 928 1881 porta
939 1800 974 1862 in
986 1813 1091 1864 roatra
1103 1800 1305 1882 perductum

291 1917 505 2002 interrogavit
530 1915 661 1991 Carbo,
685 1915 773 2002 quid
791 1914 830 1979 de
852 1915 906 1980 Τι’.
932 1913 1085 1980 Gracchi
1108 1929 1307 1982 mortam·

291 2037 388 2098 tiret.
413 2031 685 2098 Habebatautem
705 2030 860 2114 Scipicin
874 2033 1088 2098 matrimonio
1100 2032 1225 2096 Tiberii
1251 2053 1308 2098 so-

289 2171 401 2215 rorem
423 2147 666 2232 Semproniam.
690 2146 801 2231 Quare
812 2149 964 2232 sperabat
976 2149 1106 2226 Carbo,
1129 2151 1307 2216 auctorita-

290 2282 321 2333 te
347 2267 527 2353 gravissimi
551 2266 613 2330 viri
634 2266 822 2330 incendium
835 2267 1026 2332 inchoatum
1038 2288 1240 2352 magnopere
1252 2268 1306 2334 in·

292 2405 427 2448 censum
459 2382 521 2458 iri,
557 2403 623 2445 non
648 2382 800 2445 dubitans
823 2383 903 2465 quin
926 2398 1061 2466 propter
1086 2397 1156 2448 tam
1176 2398 1306 2448 arctam

293 2499 484 2562 affinitatem
514 2499 638 2582 aliquid
660 2517 722 2580 pro
741 2498 903 2564 interfecti
926 2502 1087 2565 memoria
1105 2500 1303 2565 miserabili-

292 2616 365 2678 liter
386 2626 465 2678 esset
477 2616 656 2678 locuturus.
680 2612 778 2679 Secus
790 2616 907 2679 evenit.
937 2613 1022 2680 Nam
1030 2616 1120 2702 jara
1136 2637 1212 2680 eum
1224 2639 1305 2680 cas-

292 2751 370 2796 sum
391 2754 458 2795 assa
481 2733 664 2796 affirmavit.
689 2730 750 2796 Cui
769 2733 857 2797 dicto
871 2755 948 2798 cum
969 2733 1104 2809 concio,
1129 2733 1308 2799 tribunicio

293 2852 404 2912 furore
424 2848 597 2926 instincta,
633 2849 794 2914 violenter
811 2851 1055 2926 succlamasset,
1080 2851 1224 2924 karum,
1249 2849 1299 2914 in·

293 2968 385 3052 quit,
412 2977 632 3030 armatorum
656 2969 760 3030 toties
780 2967 931 3030 clamore
961 2989 1029 3032 noa
1053 2970 1224 3042 territas,
1248 2967 1309 3052 qui

287 3106 430 3171 possum
452 3093 564 3145 cestro
586 3087 736 3159 moveri,
771 3106 918 3170 quorum
942 3085 1060 3149 Italia
1082 3105 1226 3148 noema
1246 3093 1307 3146 set.

294 3198 377 3264 Orto
400 3202 515 3264 deinde
541 3221 736 3276 murmure,
760 3223 827 3264 non
841 3201 1018 3290 ficietis,
1031 3203 1100 3278 ait,
1123 3212 1164 3264 ut
1177 3200 1308 3264 solatae

294 3339 438 3392 verear,
463 3341 546 3404 quos
569 3319 745 3406 alligatas
768 3315 913 3384 adduci.
950 3318 1129 3382 Obmutuit
1146 3317 1307 3400 populus,

295 3435 504 3516 imperatoria
530 3437 687 3522 dignitate
706 3448 890 3502 commotus
900 3435 927 3498 3.
952 3435 1081 3500 Dicitur
1095 3449 1208 3501 autem
1230 3431 1310 3500 car·

300 3645 330 3656 -.
337 3641 576 3654 w—-a—--au

332 3795 343 3828 a
384 3780 461 3827 Cic.
485 3775 798 3840 cdDiv.1X,2r,3·
833 3778 1239 3842 nonanoeane-pau.

330 3890 346 3922 α
383 3871 511 3924 Orell.
531 3873 628 3924 onom.
651 3871 856 3944 ΤαΙ1.ρ.439.

330 3965 347 4014 5
388 3967 597 4020 Vettius.
618 3965 673 4029 Vi,
696 3968 767 4029 2,3.
789 3971 863 4022 aiv.
888 3965 1025 4040 Epinsq.
1051 3964 1148 4019 Vati.
1169 3959 1314 4019 Paeti,

294 4067 321 4122 i,
342 4061 367 4114 d.
389 4063 483 4112 Plus.
509 4067 542 4113 Ti
572 4067 621 4117 Gr.
641 4083 681 4116 ιι.
703 4065 848 4136 Apopittlr.
870 4083 895 4130 p.
915 4065 976 4134 760.
