2860 4974
494 1087 557 1156 DE
580 1085 812 1154 Puasouls
851 1081 1147 1151 Luctntltvls.

729 1394 917 1428 *000—

371 1693 555 1800 superiore
579 1717 799 1805 disquisitione
822 1735 979 1800 quaerere
1002 1714 1222 1792 instituimus,
1244 1714 1316 1799 qui·

315 1835 376 1898 bus
396 1834 602 1920 potissimum
625 1833 659 1896 in
683 1833 782 1896 rebus
807 1829 924 1896 Lucilii
941 1831 1055 1896 satirae
1079 1845 1222 1898 versatae
1237 1833 1316 1906 sint,

317 1974 401 2037 quae
427 1964 622 2036 argumenta
651 1971 748 2032 opere
775 1971 834 2013 suo
858 1951 1046 2032 complexus
1081 1971 1146 2012 esse
1169 1948 1316 2014 videatur.

317 2069 366 2133 Eo
395 2085 506 2134 autem
527 2069 608 2132 illud
626 2067 756 2132 adducti
779 2066 911 2130 consilio
932 2067 1067 2129 fecimus
1084 2111 1092 2141 ,
1116 2069 1204 2150 quod
1219 2085 1319 2148 spera·

319 2185 436 2249 bamus
467 2189 554 2260 sore,
594 2197 629 2248 ut
655 2195 781 2266 pateret
796 2186 940 2267 quodam
961 2184 1082 2260 mode,
1107 2183 1239 2266 quidin
1260 2184 1319 2264 ipsa

319 2323 455 2378 rerum,
488 2321 568 2385 quas
603 2321 681 2364 eum
706 2299 845 2385 attigisse
869 2312 1013 2376 constet,
1045 2300 1202 2374 varietate
1236 2321 1321 2382 prae·

322 2418 417 2498 cipue
439 2417 633 2498 spectaverit
652 2417 797 2480 satiricus
822 2421 934 2500 posita,
958 2437 1108 2501 quaeque
1126 2417 1236 2481 aeteus
1254 2437 1323 2480 suae

323 2532 402 2595 vitia
427 2532 571 2594 maxime
595 2533 726 2618 cognita
749 2554 787 2596 ac
811 2536 939 2598 funesta
964 2547 1153 2616 persecutus
1174 2534 1226 2598 sit.
1268 2530 1325 2598 Ne·

325 2669 390 2734 que
425 2649 561 2712 omnino
596 2669 654 2713 nos
682 2671 754 2731 spes
788 2650 913 2714 fefellit.
960 2650 1051 2716 Licet
1067 2650 1157 2714 enirn
1178 2654 1326 2736 pleraque

325 2789 383 2831 nos
413 2769 553 2841 lateant,
585 2787 646 2829 nec
678 2767 772 2831 facile
805 2767 876 2850 quis
908 2771 1028 2850 pellere
1051 2789 1164 2832 omues
1187 2769 1327 2834 tenebras

327 2884 444 2969 possit,
469 2897 581 2946 tamen
611 2884 785 2966 apparuit,
810 2904 912 2966 quam
935 2905 1059 2948 necesse
1082 2900 1162 2950 esset
1184 2900 1222 2950 ut
1240 2886 1328 2950 Luci·

327 3003 388 3066 lius
422 3001 595 3076 maximis,
630 3000 749 3083 quibus
781 2999 945 3064 laboraret
966 3001 1149 3084 respublica
1166 3002 1328 3076 Romans,

330 3119 414 3184 vitiis
437 3119 620 3193 resisteret,
656 3131 689 3180 et
708 3117 801 3181 malis
824 3118 900 3182 inde
920 3118 1038 3182 exortis
1057 3121 1214 3184 sermonis
1236 3121 1330 3184 liber-

332 3251 399 3300 tate
423 3236 546 3300 mederi
568 3237 723 3298 studeret.
775 3232 921 3299 Multum
944 3249 1057 3300 tamen
1079 3237 1184 3314 abest,
1210 3253 1247 3302 ut
1268 3260 1331 3302 om·

334 3353 399 3428 nia,
423 3374 506 3436 quae
529 3354 596 3417 hue
614 3353 758 3429 saciant,
780 3353 1069 3434 exploraverimus.
1117 3353 1270 3438 Superest
1290 3359 1334 3418 al·

336 3484 406 3534 tera
434 3469 662 3552 disquisitionis
686 3470 783 3553 ipsius
801 3492 899 3552 pars,
923 3492 989 3554 qua
1012 3473 1052 3536 de
1074 3476 1217 3553 personis
1244 3473 1334 3536 Luci-

334 3588 427 3652 lianis
450 3587 615 3671 agendum
639 3587 712 3651 erit.
760 3587 1021 3652 Inde.illustrius
1038 3590 1184 3671 patebit,
1207 3610 1274 3676 quo
1289 3591 1335 3652 ille

338 3705 445 3770 studio
480 3723 547 3766 non
582 3706 690 3766 solum
725 3704 882 3768 vitiorum
928 3707 1076 3782 sontem,
1112 3709 1336 3793 impietatem,

341 3845 458 3888 verum
472 3821 587 3896 etiam,
612 3842 695 3904 quae
719 3822 759 3885 ad
770 3821 1029 3886 labefactandam
1043 3822 1201 3887 virtutem
1213 3843 1337 3889 omnem

341 3953 374 4003 et
395 3940 534 4022 priscam
557 3937 725 4002 Romanae
745 3938 821 4001 fidei
841 3939 980 4023 gloriam
1001 3938 1254 4007 subvertendam
1272 3961 1340 4004 suc·
1416 3993 1417 3996 ,

343 4055 539 4130 crescebant,
553 4059 672 4118 ararit
679 4057 751 4118 inm
764 4071 794 4118 et
808 4059 1116 4142 intemperantium
1131 4061 1244 4126 tollore
1255 4079 1337 4122 cona·
