2888 4972
761 389 826 450 240

285 565 439 627 innuente
462 562 651 639 Lactantio,
664 566 705 628 ad
714 565 903 630 illustranda
918 565 972 630 illa
983 565 1127 631 divitiis
1134 567 1296 653 pretium

280 682 475 767 persoluere
490 703 589 766 possa
618 683 658 744 de
685 683 894 767 frugalitate,
918 686 958 747 de
982 685 1172 770 largitione,
1191 688 1232 750 de
1259 707 1296 750 re

284 801 436 864 familiari
468 813 559 864 recto
595 801 665 863 usui
699 801 882 866 adhihenda
904 804 1004 867 fusius
1021 805 1188 886 explicuit.
1230 803 1297 868 Sed

284 916 394 1004 pergit
413 917 623 981 Lactantius:
649 942 666 980 n
682 916 862 981 Commodo
880 930 1061 1002 praetereo
1082 921 1230 1004 patrios
1248 953 1297 970 —·

283 1037 418 1102 Sublati
441 1036 617 1118 —iuquit
639 1071 684 1084 -
707 1035 882 1099 hominum
903 1037 1092 1112 eoncordia,
1118 1039 1221 1102 virtus
1238 1039 1296 1101 ni·

281 1157 328 1218 nit
352 1167 399 1219 est
427 1154 573 1218 omniuo.
618 1151 711 1235 Quae
736 1167 813 1217 sunt
835 1154 924 1218 enim
954 1155 1076 1236 patriae
1100 1158 1296 1230 commoda,

282 1275 339 1338 nisi
356 1275 487 1338 alterius
507 1272 643 1336 civitatis
660 1285 717 1334 aut
731 1272 833 1355 gentis
842 1273 1075 1336 incommoda?
1096 1274 1134 1336 ld
1146 1287 1195 1337 eat
1206 1275 1290 1338 linea

281 1413 463 1477 propagare
489 1391 559 1454 aliis
582 1389 741 1454 uiolenter
773 1402 921 1472 ereptos,
945 1411 1066 1475 augere
1085 1391 1293 1473 imperium,

281 1511 449 1596 vectigalia
462 1513 567 1573 l'acere
580 1508 726 1572 meliora.
742 1543 786 1558 -
803 1507 842 1570 ld
853 1508 960 1589 ipsum
973 1511 1125 1591 prodesse
1140 1509 1222 1592 quid
1235 1509 1294 1584 sit,

280 1631 450 1715 ignorent,
482 1627 541 1710 qui
574 1625 654 1689 nihil
679 1639 799 1709 putant
818 1623 921 1701 utile,
945 1624 1027 1689 nihil
1051 1629 1296 1704 commodum,

280 1748 339 1810 nisi
359 1748 448 1830 quod
470 1745 572 1808 teneri
591 1765 692 1807 manu
719 1753 846 1826 potest3
872 1746 961 1828 quod
984 1745 1091 1808 solum
1106 1745 1210 1808 teneri
1224 1765 1293 1808 non

280 1877 394 1949 potest,
419 1864 496 1948 quia
513 1861 593 1944 eripi
606 1874 723 1944 potest.
748 1859 835 1925 Haeo
847 1859 969 1944 itaque,
985 1875 1022 1924 ut
1034 1861 1091 1944 ipsi
1105 1864 1292 1944 appellant,

278 1985 364 2050 bona
389 1982 534 2066 quisquis
558 1979 682 2063 patriae
705 1977 913 2062 acquisierit,
938 1981 1001 2042 hoo
1023 1993 1092 2056 est,
1116 1980 1175 2063 qui
1199 2001 1295 2043 ever·

277 2105 317 2168 sis
352 2099 535 2166 ciuitatibus
565 2097 782 2184 gentibusque
815 2095 926 2160 deletis
959 2097 1122 2161 aerarium
1147 2099 1293 2180 pecuniis

277 2221 458 2293 referserit,
493 2238 587 2303 agros
619 2214 761 2298 ceperit,
787 2213 869 2277 cives
891 2233 964 2277 suos
988 2214 1216 2297 locupletiores
1241 2219 1293 2280 se·

276 2341 375 2408 ecrit.
399 2338 453 2401 hic
476 2333 625 2399 laudibus
648 2333 752 2396 fertur
775 2331 809 2393 in
833 2334 978 2394 eoelum:
1008 2331 1042 2394 in
1064 2333 1126 2395 hoc
1152 2347 1293 2414 putatur

275 2477 407 2520 summu
419 2467 451 2517 et
464 2453 609 2535 perfecto
622 2471 687 2514 esse
700 2449 801 2512 uirtus
817 2446 844 2510 ¹.
857 2469 874 2506 »
901 2445 988 2512 llaec
1000 2446 1054 2510 ille
1066 2450 1293 2514 stomachans.

274 2574 366 2658 Quae
391 2593 447 2635 nos
468 2569 719 2653 perpendentes,
744 2563 838 2629 sacile
862 2566 988 2628 ineam
1009 2586 1065 2629 nos
1079 2567 1200 2630 adduci
1217 2590 1294 2632 sen.

274 2691 410 2754 tentiam
433 2688 610 2772 patiemur,
629 2699 666 2748 ut
685 2698 848 2768 putemus,
873 2683 1123 2766 explicationem
1135 2706 1211 2748 aaut
1225 2707 1293 2752 nou

275 2835 292 2877 e
318 2807 482 2875 Lactantii
494 2805 624 2892 ingenio
637 2804 788 2869 exstitisse
801 2849 810 2878 ,
835 2805 887 2866 sed
903 2803 994 2866 illam
1006 2804 1144 2868 hamme
1157 2825 1235 2868 eum
1250 2827 1291 2870 ex

274 2935 342 3018 ipsa
354 2929 515 3002 uberiore,
537 2947 636 3011 quam
653 2930 749 3008 poeta
762 2924 959 3018 instituisset,
974 2922 1103 2988 virtutis
1115 2944 1293 2988 commcn-

274 3051 415 3116 datione.
452 3045 545 3131 Quae
567 3043 672 3129 qualis
696 3043 816 3117 fuerit,
836 3043 906 3124 jam
929 3041 1083 3124 suspicari
1107 3042 1265 3124 placebit.

316 3167 474 3251 Scipionis
509 3160 681 3227 Aemiliani
703 3159 858 3224 vitamet
880 3160 990 3222 laudes
1011 3181 1030 3222 a
1051 3157 1166 3222 multis
1193 3180 1292 3224 mut·

273 3289 461 3352 mandatam
495 3284 610 3357 fuisse,
647 3292 797 3344 veterum
834 3275 1025 3340 testimoniis
1053 3289 1157 3358 patet.
1215 3277 1292 3359 lpse

274 3405 433 3470 Laelius
455 3401 496 3486 Q.
521 3398 747 3472 Tuberoni,
776 3395 967 3459 Africanum
986 3396 1190 3458 avunculum
1215 3397 1293 3458 lau-

272 3529 412 3597 datum,
437 3519 656 3582 laudationem
685 3513 824 3596 scripsit.
858 3511 958 3575 Laelii
978 3531 1112 3595 quoque
1137 3513 1290 3578 oratioue

273 3642 314 3726 Q.
339 3639 484 3704 Fabius
508 3634 649 3697 Maxim
659 3656 701 3696 rra
724 3634 757 3696 in
780 3630 902 3694 mortui
924 3627 1082 3712 Scipionis
1100 3629 1293 3696 laudatione

274 3783 347 3825 alsus
371 3753 528 3822 ,licitare
578 3752 611 3816 Ρ.
639 3751 815 3814 Rutilius
841 3749 967 3810 Rststts
995 3747 1094 3810 sideri
1123 3761 1228 3828 potest
1245 3749 1295 3810 vi·

274 3909 551 3925 —-——--·-

309 4003 321 4037 ι
360 3977 704 4046 Iusl.Div.Vl,6,19.

307 4103 323 4137 2
361 4085 588 4138 Cic.de()rot,
610 4075 798 4140 ll.el,341.
831 4073 963 4128 Sahal.
989 4071 1073 4125 Bob.
1106 4071 1293 4140 udoru!.p,

276 4183 376 4235 Milon.
395 4197 422 4244 7,
444 4196 459 4231 2
479 4195 506 4243 p.
525 4177 576 4228 aas
594 4175 686 4227 Orell·
