2888 4972
596 381 659 440 243

116 546 248 625 toritas,
287 568 388 634 quem
422 553 536 618 firmat
557 553 726 620 Annibalis
747 556 781 620 in
798 553 917 622 Lucilii
942 559 1133 646 fragmentis

114 669 288 745 menum,
326 673 488 754 quamdiu
522 673 612 737 illam
636 675 866 740 auctoritatem
890 677 1023 762 gravior
1046 677 1131 742 ratio

115 796 182 849 non
201 787 370 853 sustulerit
395 803 453 854 aut
474 791 672 856 labefecerit.
719 791 807 876 Quid
831 792 958 879 igitur?
983 795 1130 880 inquies}

116 909 275 994 Scipionis
297 905 473 976 Aemiliani
493 909 646 974 disertam
667 933 704 976 ac
729 911 918 997 diligentem
932 911 1134 976 mentionem

116 1047 134 1094 a
159 1026 288 1095 Lucilio
320 1031 440 1093 factam
471 1047 534 1092 esse
564 1027 747 1114 negabisi.
770 1029 842 1115 Ego
865 1041 978 1096 contra
1001 1049 1133 1114 persua*

56 1208 63 1218 ,
113 1147 279 1212 tissimum
302 1143 383 1210 mihi
407 1145 531 1220 habac,
562 1147 601 1209 de
626 1147 688 1209 hoc
708 1167 775 1210 non
796 1148 903 1211 minus
923 1151 991 1212 suse
1010 1148 1132 1212 studio-

114 1275 212 1349 seque
242 1282 348 1348 quam
373 1264 413 1327 de
443 1262 501 1327 illo
523 1263 683 1347 scripsisse
707 1286 795 1328 eum.
842 1261 965 1348 Quodsi
990 1268 1130 1351 cupieos

115 1379 169 1445 ille
190 1402 210 1444 a
234 1379 389 1445 Trebatio
410 1379 753 1467 appellatur²5cujus
772 1383 806 1444 in
830 1402 868 1445 eo
889 1381 1032 1446 maxime
1053 1385 1128 1446 lue-

116 1511 168 1565 rat
198 1499 369 1581 perspicua
390 1499 565 1581 prudentia
583 1511 616 1561 et
640 1499 829 1574 consilium,
853 1502 943 1584 quod
961 1520 1027 1562 non
1048 1500 1132 1563 bella
1161 1478 1165 1486 ¹

116 1615 170 1680 sed
193 1615 330 1681 virtutes
353 1615 470 1697 prioris
494 1611 650 1698 Scipionis
670 1617 901 1700 descripsisset,
926 1618 1133 1703 quantodig·

118 1735 192 1799 nior
226 1737 339 1798 eadem
361 1735 576 1817 appellatione
597 1733 686 1797 idem
707 1737 884 1799 censendus
911 1747 975 1811 est,
1002 1735 1058 1818 qui
1079 1757 1136 1799 ae-

117 1855 250 1938 qualem
280 1865 379 1936 atque
412 1853 557 1916 amicum
576 1867 675 1916 suum
696 1853 986 1935 plurimorumque
1008 1851 1134 1916 benefi-

119 1971 245 2035 ciorum
269 1968 430 2034 memoria
453 1967 514 2032 sibi
535 1971 678 2032 maxime
699 1969 888 2033 devinctum
917 1971 1028 2034 virum
1047 1973 1134 2034 cele·

119 2087 249 2154 bravit!
296 2087 386 2152 Fecit
420 2101 530 2152 autem
562 2087 700 2170 jubente
727 2101 824 2172 atque
847 2089 1036 2170 impellente
1061 2089 1134 2151 ani·

119 2228 175 2270 mo
205 2205 406 2292 gratissimm
435 2207 491 2268 sed
520 2219 559 2268 ut
579 2206 681 2294 magis
701 2207 741 2268 de
761 2205 917 2269 industria
943 2208 1004 2269 hoc
1026 2201 1132 2270 officio

120 2327 332 2410 fungeretur,
356 2321 435 2388 haec
454 2341 548 2386 causa
570 2324 599 2385 ei
627 2323 707 2398 luit,
732 2323 820 2406 quod
840 2323 894 2386 ills
917 2326 1034 2386 virtue
1058 2319 1132 2387 Sci·
1236 2350 1241 2362 ·

117 2437 247 2528 pindos
270 2458 335 2504 una
359 2439 504 2503 maxime
518 2429 594 2504 erat
607 2443 873 2516 accommodata,
898 2441 932 2504 in
946 2462 1048 2525 quam
1061 2455 1133 2504 tan-

121 2571 224 2643 quam
253 2557 288 2620 in
319 2560 488 2644 speculum
509 2557 705 2640 inspicerent
723 2559 810 2636 cives
826 2558 887 2623 sui.
934 2557 1049 2643 Itaque
1079 2579 1132 2622 eo-

90 2711 94 2718 ·
118 2679 194 2742 dem
216 2675 382 2758 proposito
400 2674 569 2758 utriusque
581 2673 726 2738 Africani
745 2675 879 2738 virtutes
892 2675 1043 2738 omnium
1057 2696 1133 2761 cog-

120 2794 246 2860 nitione
266 2805 300 2856 et
318 2792 534 2857 admiratione
552 2806 584 2857 et
605 2813 683 2857 vero
695 2791 912 2855 aemulatione
925 2792 1139 2878 dignissimas,

118 2912 265 2981 acubus
290 2912 446 2995 exposuit.
477 2908 589 2994 Neque
624 2929 702 2973 vero
724 2909 756 2972 id
775 2929 841 2973 uno
862 2923 974 2973 tenore
991 2921 1047 2972 aut
1072 2909 1136 2974 sin-

120 3033 227 3121 gulari
253 3031 428 3097 satirarum
446 3027 533 3092 libro
545 3025 686 3090 instituit
703 3039 802 3112 atque
816 3025 956 3090 absolvit
966 3026 993 3102 3,
1008 3047 1139 3100 rerum,

121 3165 159 3218 ut
195 3151 323 3217 ferebat
348 3147 494 3221 animus,
522 3144 680 3208 suadebat
707 3146 815 3221 locus,
840 3141 981 3229 urgebat
1003 3145 1138 3207 necessi-

118 3277 179 3347 tas,
200 3288 315 3334 earum
334 3265 471 3329 subinde
484 3261 680 3326 memoriam
694 3261 887 3325 instauravit
901 3306 909 3335 ,
934 3260 1043 3342 prouti
1057 3281 1133 3330 suae

155 3544 167 3579 1
207 3525 321 3593 Fragm.
340 3517 454 3583 xxvl,
475 3521 519 3571 al.
539 3515 655 3577 xm,
678 3515 718 3566 ιὸ.
739 3513 785 3567 Cl.
807 3533 867 3579 sup.
888 3533 915 3581 p.
936 3513 997 3568 185.

154 3643 171 3678 2
207 3617 385 3688 Sup.p.76.
414 3615 480 3668 Alio
498 3631 577 3668 seusu
594 3611 1138 3679 EnniussapiensdictusHor‚

116 3717 175 3789 Ep.
194 3717 239 3780 lt,
259 3735 284 3780 ι,
304 3715 350 3767 bo,

153 3809 172 3863 5
207 3817 256 3864 Da
271 3832 310 3864 rs
324 3811 364 3861 ch
384 3810 441 3860 sine
460 3824 537 3859 causa
555 3805 664 3872 pulavit
679 3840 687 3868 ,
710 3821 763 3854 uno
781 3804 924 3855 satirarum
942 3801 1016 3852 libro
1027 3799 1079 3852 boc
1091 3815 1140 3854 at·-

119 3917 282 3982 gementum
303 3904 528 3974 comprehensum
547 3905 651 3967 luisse,
671 3903 718 3970 qni
738 3901 886 3967 Scipio
904 3898 1053 3964 inscriptus
1070 3905 1143 3952 essct

120 4009 263 4080 (hitacii.
283 4008 315 4076 f.
345 4004 409 4056 Ale.
429 4003 495 4072 1837
514 4019 542 4070 p.
562 4001 655 4070 1017).
683 3999 737 4050 Cli.
764 3999 791 4050 V
798 4011 919 4065 urges
936 3994 957 4047 1.
971 3993 993 4051 l.
1011 3995 1139 4052 Dant.

115 4123 187 4158 zer
203 4105 226 4161 Ι.
245 4102 265 4153 l.
284 4121 312 4170 p.
334 4116 374 4152 ιι.

614 4228 674 4286 tu*
