2860 4974
773 353 838 414 lli

293 532 391 597 bnret
417 554 454 597 ea
488 553 571 616 quae
600 553 657 616 per
688 529 851 608 salebras,
887 543 918 596 et
952 533 1017 595 alta
1039 551 1114 596 taxa
1135 533 1311 608 caderent,

297 654 393 736 quala
411 651 525 716 Lucilii
548 663 627 716 emet
644 650 847 734 epitaphium
862 649 887 714 ¹.

341 770 431 836 Alina
452 783 564 834 vetus
581 769 787 853 Interpret
809 771 851 834 ad
873 767 998 833 Horatii
1010 769 1107 834 verba
1114 770 1226 857 juvat
1240 771 1311 836 im·

298 901 490 953 otentoroto
516 887 688 975 ferentem
714 887 885 978 Iotgonuia
909 887 1085 976 oculisque
1104 889 1177 980 logi
1197 891 1313 954 moni·

291 1009 422 1096 litoque
444 1011 556 1074 tenori
576 1011 656 1074 baec
680 1006 818 1073 notavit:
845 1033 863 1075 u
877 1007 950 1074 Hoc
964 1010 1015 1074 tel
1026 1011 1067 1072 ad
1076 1007 1311 1074 Archilochum

297 1131 439 1192 refertur
467 1127 572 1190 multa
595 1125 753 1192 obscoena
780 1126 962 1204 dicentem,
987 1125 1313 1202 telamonium,
1418 1109 1419 1118 ἒ

290 1245 356 1332 qui
377 1265 479 1330 aeque
500 1246 605 1309 multa
625 1245 774 1328 princepe
799 1243 836 1334 (l.
859 1242 1019 1331 deincepa)
1036 1265 1153 1330 spurca
1174 1265 1315 1330 oempo-

298 1364 364 1430 suit
375 1363 402 1430 ².
417 1383 434 1426 t>
469 1361 703 1430 Obacoenitatis
730 1363 846 1429 vitium
861 1364 895 1428 in
913 1363 1040 1430 Lucilio
1062 1387 1082 1430 a
1102 1365 1235 1428 nemine
1252 1364 1315 1429 nlio

301 1485 533 1567 reprehensum
556 1503 620 1547 esee
638 1503 704 1546 uon
721 1482 845 1559 miror,
869 1484 1025 1570 quoniam
1039 1489 1209 1568 poetarum
1224 1503 1315 1548 com·

296 1619 402 1666 mune
424 1600 498 1668 luit.
521 1599 633 1686 Neque
657 1621 735 1666 vero
756 1601 906 1666 illicitum
927 1602 1170 1668 arbitrabantur
1190 1601 1316 1689 antiqui

301 1719 411 1786 vertite
424 1721 535 1785 molles
553 1731 649 1804 atque
667 1717 847 1804 impudicoa
870 1741 1030 1808 pangere3

388 1834 484 1904 Nom
506 1849 641 1902 coetum
664 1860 732 1901 me
755 1836 846 1903 docet
862 1841 967 1926 pium
986 1843 1126 1927 poitom

391 1943 537 2046 Ipiom:
561 1957 749 2022 versiculos
768 1957 866 2022 niltil
887 1981 1014 2024 necerat
1033 1971 1110 2038 cat,-

393 2075 466 2163 Qroi
483 2087 559 2140 tum
581 2074 726 2162 dortiqne
743 2073 866 2141 liabent
892 2077 1001 2142 aulem
1018 2099 1058 2141 oo
1079 2076 1244 2164 leporem,

394 2191 435 2259 Si
454 2207 536 2259 suot
559 2195 739 2260 molliculi
762 2217 802 2260 oc
820 2217 952 2283 porum
967 2194 1094 2283 pudici
1107 2193 1135 2262 ³.

304 2313 443 2380 Videtur
466 2315 566 2400 igitur
589 2315 687 2378 etiam
711 2313 880 2391 Horatius,
904 2314 960 2378 ubi
985 2314 1149 2380 Lucilium
1174 2316 1317 2378 facetum

306 2433 464 2514 appellat,
486 2430 608 2514 partim
626 2431 818 2497 intellexiste
841 2453 915 2496 eom
929 2431 1032 2516 iprum
1046 2431 1319 2506 obscoenitatem,

305 2569 325 2614 a
347 2569 412 2632 quu
435 2568 501 2614 nou
524 2548 722 2614 abhorrebat
741 2548 837 2633 ipsius
862 2548 969 2615 Mutat
991 2549 1146 2616 Ceterum
1166 2549 1220 2615 rix
1238 2569 1319 2633 opua

306 2679 354 2730 aot
378 2685 531 2742 monere,
563 2667 709 2732 lasciviae
733 2668 890 2753 exemplis
912 2672 1096 2756 fragmenta
1117 2669 1233 2734 Lucilii
1249 2689 1320 2734 tea·

306 2798 397 2850 tere:
419 2785 563 2874 ringulae
585 2787 721 2874 paginae
742 2787 873 2854 abunde
893 2789 1093 2854 iudicabunt.
1138 2785 1255 2874 Quum
1269 2807 1321 2854 re·

307 2926 345 2970 ro
376 2906 546 2991 vulgarem
572 2917 721 2970 veterum
745 2925 874 2972 morem
899 2906 934 2971 in
958 2907 1006 2972 luia
1027 2919 1156 2973 aecutua
1174 2905 1235 2984 ait,
1269 2917 1321 2970 ta·

307 3044 386 3088 rnen
420 3043 504 3087 unua
527 3022 677 3087 omnium
699 3020 845 3088 maxime
871 3023 998 3111 flagitia
1017 3037 1050 3090 et
1070 3023 1218 3088 libidines
1243 3043 1322 3112 pro-

309 3141 385 3223 priit
414 3154 447 3207 et
476 3140 695 3228 petulantibus
723 3139 831 3207 terbir
866 3142 958 3228 quari
991 3143 1035 3208 ob
1067 3145 1177 3208 oculoa
1203 3143 1318 3226 poenit.

309 3257 418 3341 Quam
441 3260 604 3324 licentiam
631 3259 791 3326 Antonino
814 3260 965 3326 notavit:

357 3374 545 3442 Peroeraoe
568 3377 606 3441 V
605 3382 716 3444 meria
734 3383 870 3466 portico
893 3379 1032 3444 vulnera
1046 3379 1169 3468 soaaor

400 3492 545 3559 Lucili
568 3500 663 3561 ontio
685 3498 856 3575 subulo,
875 3496 1186 3586 pulliprcmo⁴.

348 3763 359 3802 t
399 3748 500 3817 Epigr.
520 3745 645 3816 x1,90.
675 3749 721 3802 ct.
740 3769 799 3818 aup.
820 3769 845 3818 p.
872 3751 917 3806 61.

348 3862 365 3898 ²
400 3847 555 3898 Aricino·
576 3849 677 3902 comm.
699 3849 781 3919 Gruq.
801 3849 892 3917 pubol
911 3849 949 3900 nd
967 3851 1050 3900 Hor.
1071 3845 1166 3918 Bpl,
1181 3863 1214 3918 19
1239 3843 1282 3899 56.

346 3943 365 3994 5
401 3943 537 3998 Catuli.
556 3941 641 4008 xvi,
662 3943 689 3999 5.
709 3944 883 4000 cccviii.
908 3945 996 4000 Tritl.
1013 3943 1057 4009 ll,
1077 3945 1135 4000 354.
1154 3942 1323 3997 Martini.

315 4041 338 4103 Ι,
358 4038 387 4102 5,
407 4039 436 4102 Β,
455 4039 488 4094 56

344 4139 362 4191 i
398 4139 498 4206 Epigr.
520 4137 615 4203 Lxx,
634 4159 659 4211 7.
690 4140 741 4193 Cll'.
760 4149 854 4193 notae.
