2888 4972
628 411 692 490 ‘roe

133 607 240 676 data,
270 607 425 668 eonoier'u
439 604 538 690 serta
561 604 715 668 diuumur
731 604 755 666 ¹.
803 604 939 670 Manent
964 621 1074 670 autem
1096 609 1144 668 ie·

134 723 180 808 gis
205 722 326 798 rerba,
350 737 388 786 ut
400 721 639 807 distinguamus
652 743 688 786 ea
703 723 906 796 convicia,
926 724 1146 806 quaejaoieu-

133 854 178 906 ter
214 853 386 904 oeemtare
416 841 591 914 dicuntur,
615 863 633 905 a
657 841 770 904 malis
794 842 1049 906 carminibus.
1086 843 1146 906 tttn

134 959 222 1024 enim
257 981 313 1024 ore
340 972 469 1024 tantum
493 959 607 1042 jactari
633 958 804 1035 solebant,
828 963 959 1026 sonorae
984 961 1145 1025 memorii

136 1073 262 1148 teneri,
295 1078 374 1141 haee
406 1075 529 1158 scripto
561 1077 726 1152 mandari3
757 1097 824 1160 quo
854 1077 954 1142 fiebat
983 1091 1146 1142 arenant

135 1193 300 1260 infestiora
324 1208 356 1257 et
382 1173 539 1260 odiosiora
561 1207 659 1277 atque
676 1193 753 1279 tegio
772 1195 942 1260 severitate
964 1195 1070 1260 caveri
1089 1198 1145 1260 de-

135 1312 259 1378 berent.
307 1311 404 1396 Quod
427 1311 543 1378 Cioero
559 1312 734 1377 indicavit:
768 1339 785 1378 u
800 1335 1003 1397 quamquam
1017 1314 1052 1380 id
1072 1314 1144 1398 qui-

134 1434 209 1498 dem
228 1431 327 1496 etiam
340 1429 513 1500 duodecim
527 1431 656 1496 tabulae
669 1434 854 1508 declarant,
878 1431 978 1496 condi
987 1435 1057 1517 jam
1071 1447 1147 1498 tum

133 1551 264 1614 ratitum
287 1571 353 1616 ease
375 1571 528 1616 carmen:
553 1553 639 1634 quod
665 1572 706 1613 ne
730 1551 843 1616 lieeret
866 1552 936 1614 fieri
958 1553 998 1616 ad
1015 1553 1148 1616 alteriue

135 1668 312 1752 iujuriam,
347 1671 418 1754 lege
446 1682 665 1734 sanxerunt.»
696 1666 760 1734 Sed
794 1669 936 1753 apertius
962 1670 1144 1753 arnobius:

137 1811 153 1854 tt
169 1785 312 1854 Carmen
334 1791 461 1852 malunt
486 1785 718 1856 consertam.
742 1809 810 1872 quo
834 1791 923 1852 sama
943 1789 1073 1853 alteriue
1087 1809 1147 1852 eo·

136 1905 324 1990 inquinetur
351 1919 383 1970 et
405 1905 491 1980 ritu,
528 1907 797 1972 decemuiralibus
817 1906 903 1970 ecitie
929 1909 1063 1972 eradere
1085 1927 1148 1971 rto·

136 2023 238 2090 luistie
257 2025 404 2108 impune.
418 2045 436 2086 a

179 2143 285 2219 Haec,
311 2159 443 2210 auctore
457 2143 591 2209 Horatio
614 2145 771 2228 aliisque,
794 2146 834 2208 de
858 2145 885 2208 F
887 2145 1062 2210 eseeuninir
1077 2167 1149 2210 ver·

133 2260 221 2326 tibae
255 2281 438 2347 eorumque
470 2285 565 2339 rure,
599 2263 634 2326 in
668 2263 750 2326 urbe
778 2277 809 2326 et
830 2266 918 2346 apud
942 2264 1063 2328 milites
1087 2285 1146 2328 uru

134 2380 293 2464 ditputari
320 2401 409 2464 poree
426 2381 589 2446 rideatur.
636 2382 685 2445 Ex
708 2381 826 2465 quibus
842 2381 1053 2466 perspicuum
1077 2387 1148 2448 sore

135 2497 299 2574 arbitror,
325 2498 405 2562 ittud
438 2499 621 2564 inconditae
643 2505 771 2582 podeeoe
792 2521 893 2586 genua
914 2513 1071 2584 tanquam
1099 2522 1148 2564 aa*

136 2615 218 2680 tirae
253 2616 421 2680 Romanae
450 2617 632 2700 primordia
654 2620 815 2700 quaedam
842 2618 958 2694 suieee;
993 2619 1074 2701 quin
1095 2617 1150 2682 illa

136 2745 261 2822 operto
272 2734 400 2811 rahier,
414 2734 450 2800 in
467 2755 570 2819 quam
580 2755 691 2800 eaerus
700 2737 792 2818 jocus
805 2734 887 2798 verti
902 2735 1017 2818 coepit,
1030 2757 1151 2823 mna

135 2865 194 2918 tue
206 2851 287 2916 dem
300 2900 309 2929 ‚
334 2875 401 2937 quo
414 2854 546 2918 lacessiti
559 2855 692 2918 doluere
703 2867 757 2928 ,tet
770 2853 945 2918 hominum
958 2853 1148 2940 dereriptt'o

136 2972 348 3038 aoerbitatern
363 2971 701 3046 Luciltanaeratirae,
726 2973 858 3054 qualem
873 2972 957 3036 hano
969 2972 1063 3036 iuieto
1075 2993 1150 3034 me·

136 3089 314 3164 moram,
339 3093 463 3155 referre
477 3091 639 3155 videntur.
655 3087 757 3156 Addit
769 3088 932 3164 Horatius,
946 3109 1039 3164 verso
1049 3091 1150 3154 modo

135 3208 313 3276 formidine
347 3209 437 3276 suetis
461 3211 501 3272 ad
534 3208 616 3272 bene
652 3208 829 3274 dicendum
850 3209 1154 3296 delectandumque

131 3327 281 3392 redactae
301 3347 368 3392 erre
388 3325 564 3390 Rauranot.
590 3323 832 3400 Maledioentia‚
855 3347 941 3409 quae
963 3327 1050 3390 mala
1073 3347 1151 3390 ear·

133 3443 228 3508 ruina
246 3457 417 3527 pepererat
431 3490 440 3520 ‚
453 3443 690 3517 obtieeeeeute,
712 3442 898 3508 oblectandi
917 3445 1083 3528 proposito
1095 3444 1149 3518 in·

133 3562 263 3647 dalgeri
287 3563 406 3644 eoepit.
453 3561 516 3626 Hie
536 3583 613 3626 vero
632 3561 836 3628 scenicorum
856 3564 1010 3630 ludorum
1034 3562 1147 3636 initia,

133 3681 178 3743 ab
192 3679 335 3748 Etrueeie
347 3684 491 3763 prosecta
504 3727 512 3753 ,
527 3682 757 3746 consideranda
771 3696 862 3746 aunt:
888 3703 1030 3764 quorum
1044 3702 1148 3763 quum

135 3857 417 3876 *num-nun—

171 3983 180 4014 t
227 3971 371 4017 Lucan,
404 3965 445 4023 11.
477 3971 535 4036 269.
570 3973 705 4020 denec.
727 3972 796 4020 Med.
823 3971 879 4026 113.
907 3969 1028 4020 Mart.
1047 3967 1147 4036 Epigr·

135 4057 209 4122 tttt,
231 4061 258 4123 8,
276 4078 302 4128 7.

170 4175 187 4210 2
224 4154 292 4224 Sap.
312 4173 338 4222 p.
361 4159 405 4220 88,
427 4158 486 4221 130,
508 4159 566 4212 136.
