2894 4986
629 425 671 488 7⁷

146 618 213 682 eet,
242 628 263 670 a
286 605 381 681 vitae,
408 623 540 670 morum
565 601 838 687 consiliorumque
867 601 1095 688 aequabilitate
1115 615 1147 667 et

144 723 281 789 sanitate
302 725 458 807 profecta.

189 839 307 907 Poetae
348 839 517 926 ingenium
546 838 820 905 adumbratorum
853 837 942 903 subit
973 859 1150 924 quaerere,

147 961 280 1024 nullane
317 958 371 1023 ille
402 957 519 1042 puerili
549 979 588 1024 ac
615 958 751 1043 juvenili
774 956 940 1041 disciplina
961 979 1056 1034 ustis,
1080 961 1152 1022 for-

147 1077 260 1142 mandi
292 1076 412 1164 ingenii
441 1075 670 1162 excolendique
707 1076 830 1142 ratione
868 1076 1011 1160 privatus
1029 1077 1149 1160 ‚luerit

149 1195 234 1262 Rem
246 1217 314 1262 non
323 1195 500 1282 attigimus,
515 1216 619 1281 quum
632 1195 666 1259 in
678 1195 744 1260 vita
754 1194 922 1260 scribenda
934 1194 1152 1262 versabamur.

151 1313 293 1380 Hoccine
305 1314 405 1402 igitur
417 1327 486 1380 tam
498 1334 596 1401 grave
609 1327 815 1380 momentum
828 1313 917 1396 turpi
927 1314 1048 1402 anobis
1058 1314 1154 1379 silen-

151 1433 196 1499 tio
213 1433 327 1499 omitti
347 1454 385 1498 ac
407 1432 527 1521 negligi
539 1431 669 1516 potuit?
691 1432 791 1498 Abest
801 1436 958 1512 multum;
972 1454 1078 1518 neque
1087 1435 1155 1499 ullo

151 1553 251 1617 modo
261 1551 550 1628 commisissemus,
573 1551 658 1630 ut,si
672 1551 753 1617 levia
765 1551 1154 1639 vestigiasuperluissent‚

136 1669 274 1736 intacta
296 1691 333 1735 ea
349 1669 617 1755 relinqueremus.
642 1667 705 1736 Sed
717 1691 821 1756 quum
833 1671 914 1735 nihil
927 1671 1104 1737 innotuerit
1114 1674 1155 1738 de

152 1790 269 1856 Lucilii
287 1790 497 1868 institutione,
518 1811 667 1876 numqua
693 1811 767 1856 usus
787 1791 829 1856 sit
850 1800 884 1856 et
901 1792 1000 1877 quali,
1022 1793 1157 1878 conjici-

151 1910 287 1976 endum.
333 1907 422 1995 Quin
441 1907 570 1974 Suessae
601 1910 635 1973 in
658 1909 838 1994 Campania
849 1910 958 1994 prima
970 1911 1155 1996 disciplinae

154 2030 316 2094 elementa
346 2028 551 2112 perceperit,
580 2029 635 2093 vix
655 2028 798 2092 dubitari
817 2042 933 2113 potest.
961 2027 1089 2095 Verum
1104 2030 1158 2094 vi-

153 2146 261 2212 dimus
287 2167 388 2222 eum,
422 2146 595 2212 etiamtum
626 2147 920 2224 adolescentulum,
955 2159 1057 2210 cestra
1088 2144 1159 2211 Sci-

154 2265 258 2350 pionis
289 2277 456 2342 secutum;
489 2284 555 2350 qua
573 2275 678 2328 aetate
692 2263 726 2328 in
746 2263 859 2347 primis
883 2263 1015 2329 interest
1037 2265 1158 2329 erudiri

155 2393 322 2469 quemque
346 2383 558 2449 humanitatis
583 2381 725 2460 artibus,
761 2396 799 2448 ut
830 2403 902 2448 suos
933 2382 1007 2448 inde
1034 2386 1158 2450 tructus

154 2515 286 2568 matura
321 2514 406 2566 aetas
439 2500 607 2585 percipiat.
652 2503 698 2566 At
729 2522 806 2567 vero
834 2503 959 2586 excepit
980 2523 1058 2567 eum
1081 2503 1160 2568 tiro-

156 2643 233 2686 nem
266 2620 528 2706 familiaremque
557 2643 590 2685 se
621 2621 649 2685 ei
674 2620 825 2704 praebuit
849 2619 978 2706 Scipio,
1002 2623 1094 2706 cujus
1118 2625 1159 2688 ud

155 2753 310 2806 naturam
347 2737 501 2803 eximiam
541 2751 640 2823 atque
672 2738 830 2804 illustrem
873 2753 1044 2805 accesserat
1077 2740 1161 2806 ratio

158 2860 320 2944 quaedam
349 2857 631 2942 conformatioque
653 2857 836 2933 doctrinae,
861 2871 898 2923 ut
919 2879 957 2923 eo
970 2857 1161 2923 videaturet

157 2977 355 3062 imperatore
390 2976 540 3042 militasse
574 2988 607 3040 et
641 2977 797 3064 magistro
836 2976 999 3043 didicisse!
1036 2977 1162 3056 Audio,

161 3118 262 3182 eaque
283 3094 446 3160 castrensis
463 3095 625 3179 disciplina
639 3096 808 3162 utilissima
831 3095 1021 3162 adolescenti
1033 3109 1068 3161 et
1085 3117 1163 3180 per-

159 3229 270 3301 optata
302 3215 374 3280 fuit.
420 3211 486 3279 Nec
508 3228 619 3278 tamen
639 3236 677 3280 eo
701 3215 833 3281 valuisse
855 3217 1012 3280 censenda
1035 3229 1100 3293 est,
1125 3230 1162 3282 ut

161 3335 240 3398 nihil
265 3346 429 3418 praeterea
456 3331 710 3411 desideraretur3
747 3345 901 3418 tantaque
930 3346 999 3398 erat
1030 3357 1068 3398 ac
1085 3355 1165 3418 per-

162 3466 260 3536 petua
282 3450 525 3535 imperatorisa
550 3451 632 3516 seria
654 3451 863 3516 meditatione
885 3455 926 3518 ud
948 3475 997 3518 res
1009 3455 1164 3540 gerendas

162 3571 344 3654 militesque
363 3569 546 3652 disciplinae
562 3568 811 3635 assuefaciendus
833 3570 994 3646 avocatio,
1006 3583 1044 3634 ut
1055 3591 1164 3634 exem·

163 3691 217 3772 plo
239 3689 342 3776 magis
363 3686 520 3752 munibus
543 3709 644 3772 quam
661 3687 822 3777 singulis
832 3689 986 3775 singulari
1006 3689 1164 3772 praesidio

165 3809 449 3890 emolumentoque
468 3827 532 3870 esse
554 3819 668 3889 posset.
715 3805 829 3892 Itaque
851 3806 1022 3882 credibile,
1045 3805 1165 3872 crebris

166 3925 338 4010 subitisque
352 3923 635 4001 cohortationibus,
655 3945 721 3988 non
743 3927 852 3990 sedula
868 3947 907 3990 ac
929 3925 1075 4012 diligenti
1098 3925 1165 3990 dis·

168 4042 280 4126 ciplina
315 4043 430 4108 Lucilii
471 4043 638 4131 ingenium
674 4043 852 4109 invaluisse.
903 4040 1044 4128 Quodsi,
1076 4045 1164 4127 quod

169 4161 253 4226 uoltis
276 4163 381 4226 visum
405 4177 471 4238 ost,
500 4163 554 4225 illo
572 4162 711 4227 tirocinii
729 4163 833 4245 spatio
850 4164 919 4247 jem
938 4161 1163 4245 compositioni
