2894 4986
636 368 676 428 15

153 545 246 612 secde
268 541 415 622 habebo,
438 544 497 630 qui
518 543 618 610 rerba
639 541 781 610 Sallustii
799 555 945 628 reputet:
970 542 1050 612 «Ea
1067 557 1156 615 tem·

152 675 275 746 pestate
296 661 333 726 in
356 661 498 732 exercitu
515 674 627 728 nocuo
649 663 739 728 luero
760 664 944 746 complures
968 663 1158 749 noviatque,
1234 739 1240 749 ¹

154 780 296 858 nobiles,
315 780 433 866 quibua
448 779 578 846 divitiae
589 779 676 846 bono
686 780 886 866 honestoque
895 781 1036 864 potiores
1048 795 1157 858 eraut,

154 899 294 977 factiosi,
317 899 407 966 domi
427 911 595 984 potenter,
617 896 706 982 apud
726 899 828 967 eocioa
850 899 927 968 clari
940 900 1042 986 magis
1055 923 1156 986 quam

157 1018 303 1096 honesti,
327 1018 384 1104 qui
407 1016 589 1106 iugurthae
609 1038 678 1082 non
698 1017 898 1084 mediocrem
920 1019 1069 1084 animum
1080 1020 1159 1104 pol-

159 1138 314 1204 licitando
335 1137 573 1216 accendebant,
595 1136 621 1202 si
646 1133 780 1222 Micipsa
796 1159 852 1203 rex
864 1137 1044 1214 occidisset,
1068 1139 1158 1216 lore,

157 1255 204 1320 uti
234 1256 321 1322 solua
344 1255 482 1340 imperio
503 1253 674 1321 Numidiae
696 1254 878 1338 potiretur:
902 1254 937 1320 in
960 1255 1028 1339 ipso
1049 1255 1160 1320 maxi·

156 1397 245 1442 mam
269 1375 440 1450 virtutem,
464 1374 591 1442 Romae
599 1373 710 1440 omnia
722 1374 848 1440 venalia
863 1373 948 1440 esaei
963 1393 982 1436 a
997 1374 1022 1440 ¹.
1054 1375 1160 1459 Hujus

157 1495 281 1582 generis
292 1495 440 1560 hominen
455 1494 647 1579 praesertim
666 1514 814 1560 auroram
831 1492 950 1560 Lucilii
965 1492 1158 1559 derisionem

156 1613 234 1697 pasti
271 1615 427 1680 dicuntur
460 1612 502 1678 ab
536 1611 690 1692 Horatio;
719 1612 769 1678 hia
801 1611 982 1678 detrudere
1010 1613 1157 1699 pellem,

156 1732 295 1798 nitidae
332 1753 404 1819 qaeu
432 1734 577 1820 quisquc
605 1753 669 1818 per
698 1753 764 1796 cra
788 1729 939 1808 eederet,
961 1733 1158 1808 introreum

163 1855 299 1940 turpis,
322 1873 419 1917 auena
440 1864 497 1918 eat.
519 1850 729 1938 Ignoramuc,
751 1871 833 1914 num
846 1849 972 1916 Laelius
985 1849 1062 1916 belli
1074 1851 1159 1935 eim-

159 1973 234 2038 dem
258 1971 364 2036 tocius
383 1969 484 2036 iirerit
504 1967 660 2055 Scipioni:
685 1969 767 2034 illud
789 1982 919 2036 certum
943 1967 1159 2052 expeditioni-

158 2090 218 2158 bus
234 2093 303 2178 ejua
327 2089 525 2168 interfuisse;
549 2088 670 2155 etenim
681 2088 839 2154 militiae
859 2101 995 2173 propter
1007 2087 1161 2152 eximiam

158 2209 232 2276 belli
265 2208 405 2296 gloriam
437 2205 629 2273 Africanum
664 2219 702 2272 ut
721 2208 820 2272 deum
842 2204 973 2272 coluieee
995 2217 1160 2274 narratur.

159 2324 220 2394 Sed
250 2327 319 2394 eive
340 2327 376 2392 in
389 2326 501 2392 iisdem
523 2325 632 2394 cunia
653 2347 731 2391 curn
751 2324 877 2390 Lucilio
897 2337 1039 2391 vereatur
1056 2337 1103 2390 eat
1119 2325 1161 2392 ad

158 2446 391 2522 Numantiam,
410 2445 476 2511 sire
493 2445 617 2510 Romae
634 2463 673 2511 eo
689 2457 839 2529 tempore
857 2443 1005 2521 virebat,
1020 2442 1162 2512 Luciliu

160 2587 210 2643 ee,
236 2561 401 2652 quaesibi
427 2563 461 2628 in
484 2561 631 2628 moribus
657 2562 920 2628 commilitonum
946 2563 1106 2646 carpenda
1127 2575 1162 2628 et

160 2683 405 2770 peauingenda
425 2681 638 2758 ridebantur,
661 2693 695 2746 et
716 2681 816 2759 foria,
845 2679 995 2746 audiente
1023 2702 1062 2746 ac
1080 2700 1162 2765 pro-

160 2801 257 2868 bante
276 2799 444 2886 Scipione,
467 2799 564 2866 aatird
575 2799 749 2883 expremit,
773 2811 808 2864 et
818 2799 956 2864 domum
968 2799 1072 2864 redux
1084 2819 1162 2864 cum

161 2921 273 2988 Laelio
294 2917 558 2986 communicavit.
594 2917 679 2994 Sed,
702 2919 810 3004 quod,
834 2918 998 2984 cmtrenaic
1019 2915 1163 3000 discipli-

160 3061 218 3106 uae
249 3051 451 3128 argumento
478 3036 548 3115 uei,
581 3035 731 3122 rtupicati
759 3056 893 3114 eumue,
924 3035 1012 3099 idem
1044 3033 1163 3102 diserto

162 3156 351 3244 testimonio,
371 3155 559 3222 confirmari
588 3167 703 3240 potent.
747 3153 832 3220 Nam
855 3152 986 3230 Cicero,
1023 3151 1162 3220 Graeco·

162 3276 331 3360 scriptores
359 3273 504 3341 vertendi
532 3273 701 3340 concilium
723 3274 884 3356 prodent,
906 3292 965 3336 nec
987 3293 1087 3349 uero,
1106 3271 1163 3336 in-

163 3395 253 3480 quit,
284 3403 336 3460 ω’
357 3405 474 3458 meter
495 3392 677 3470 Lucilium,
711 3390 871 3456 recusabo
889 3393 1072 3478 quominus
1093 3413 1162 3454 orn-

163 3535 220 3578 uee
241 3536 317 3580 meo
337 3513 468 3602 legunt.
515 3509 661 3576 Uticam
691 3522 774 3575 earet
799 3510 864 3575 ille
887 3507 1062 3574 Pereiue!
1084 3505 1165 3574 Sea·-

201 3843 213 3882 ι
247 3833 284 3883 Β.
310 3831 379 3899 Jug-
405 3829 432 3882 8.
455 3827 500 3881 Cf.
527 3829 618 3898 App.
647 3827 725 3880 Iber·
742 3825 798 3892 84,
816 3827 871 3893 8⁵,
901 3827 950 3880 ubi
976 3825 1093 3895 plurima
1118 3828 1164 3880 vi·

168 3925 222 3991 lia,
245 3926 346 3996 quibua
362 3924 506 3979 laborabat
521 3941 554 3976 eo
573 3931 694 3994 tempore
712 3925 859 3990 exercitur,
888 3931 916 3978 et
933 3925 1084 3990 rationem,
1110 3941 1163 3994 qua

167 4022 199 4076 iia
222 4022 326 4076 mederi
352 4021 446 4091 Scipio
463 4022 611 4089 eludebat,
628 4022 741 4078 indicat.
768 4020 899 4091 ignara
922 4021 1162 4092 ruperatilic,

171 4120 371 4175 reditiones
387 4129 414 4176 et
424 4122 483 4175 lux
491 4141 508 4175 u
516 4123 546 4174 ri
557 4138 571 4174 a
581 4121 724 4190 praecipue
736 4121 839 4175 animoa
849 4122 968 4176 militum
978 4121 1163 4173 debilitarant.
