2860 4974
630 383 690 444 lot

136 574 209 627 «ut
233 573 307 626 turra
328 563 490 648 impurus
500 559 708 648 fuissetllu
741 559 807 623 llos
830 579 938 624 sersus
963 561 1050 624 haud
1073 562 1164 624 male·

138 680 259 764 primo
286 679 371 744 libro
397 679 516 762 adjecit
542 679 660 742 Dousa.
705 673 813 760 Quem
848 697 887 740 eo
911 675 1077 741 lubentius
1103 699 1162 742 see¹

140 819 310 882 quemur,
342 795 399 859 ubi
423 795 583 860 Lactantii
608 795 707 860 verba
730 795 976 860 contulerimus.
1024 794 1159 860 Memo-

141 927 201 978 rat
222 913 297 988 hio,
326 911 358 975 in
381 911 588 994 precantium
615 912 763 976 formulis
786 912 885 976 moris
909 912 1024 987 fuisse,
1046 912 1156 998 siugu-

143 1034 197 1096 loa
221 1031 304 1094 Deua
322 1032 446 1116 putris
472 1029 690 1112 appellatione
725 1030 890 1106 venerari,
910 1030 1011 1114 idque
1025 1030 1155 1094 irrisum

141 1170 214 1214 ease
234 1151 327 1212 docet
349 1169 369 1211 a
393 1147 530 1211 Lucilio.
578 1146 690 1230 Ipsum
715 1147 925 1213 invocationis
949 1169 1077 1213 morem
1097 1149 1158 1214 Jo-

144 1267 196 1332 πίε
217 1267 361 1332 oratione
381 1267 545 1351 patefacit.
592 1265 645 1332 Sic
667 1268 754 1330 enim
780 1265 927 1351 Jupiter:

193 1383 244 1449 (lt
264 1407 359 1450 nono
381 1388 432 1449 eit
452 1395 632 1462 nostrum,
656 1387 857 1473 puinputer
880 1387 1158 1474 oplimu’diosim

194 1505 270 1568 Aut
293 1499 466 1590 Neptunu’
475 1514 595 1589 poter,
609 1504 725 1581 Liber,
738 1501 906 1570 Saturnu’
914 1517 1030 1591 pater,
1044 1506 1157 1584 Mors,

190 1618 312 1696 Jursu',
337 1621 506 1709 Quiriuu'
520 1635 625 1708 poter
650 1645 768 1687 nomen
791 1623 934 1688 dicotur
952 1624 999 1689 od
1016 1623 1157 1690 resturu‘⁸.

147 1739 287 1804 Videtur
298 1752 409 1805 autern
425 1741 567 1807 Lucilius
582 1741 728 1806 univerae
740 1743 914 1806 ridiculum
926 1743 1018 1808 illum
1030 1765 1158 1810 rnorem

147 1857 373 1940 perstrinxisse
396 1860 586 1944 arguendo,
609 1872 763 1923 naturam
781 1861 963 1924 homonem
982 1883 1048 1924 non
1069 1864 1159 1945 pati,

148 1989 188 2040 ut
210 1975 273 2039 sint
292 1975 388 2039 unius
408 1975 546 2039 hominis
565 1973 662 2040 multi
681 1989 797 2058 patrea.
824 1976 991 2042 Praeterea
1014 1999 1109 2054 vero,
1124 1993 1162 2044 ut

150 2092 242 2156 facile
264 2089 454 2175 conjicimus
478 2113 516 2155 ex
536 2114 630 2157 versu
647 2093 827 2175 superiore,
850 2115 951 2176 quom
965 2093 1080 2158 Cicero
1090 2117 1160 2159 aer-

149 2209 258 2284 rorit,
279 2211 358 2273 salae
378 2210 454 2273 lusit
470 2229 546 2285 eos,
570 2210 626 2294 qui
650 2211 798 2293 quamvis
821 2211 904 2276 Deos
927 2187 976 2275 vel
1001 2213 1162 2297 ejerarent

150 2331 201 2393 rel
231 2341 498 2410 aspernarentur,
534 2348 716 2412 eorumque
748 2331 876 2394 cultum
903 2327 997 2396 nihili
1019 2334 1162 2398 facerent

150 2443 361 2528 ludibrioque
384 2445 562 2521 heberent,
586 2457 697 2511 tamen
716 2448 839 2512 solemri
868 2450 992 2534 patris
1014 2455 1162 2535 appellu-

148 2562 260 2638 tione,
284 2561 428 2626 Deorum
454 2558 491 2626 iu
511 2562 609 2628 rebus
630 2562 737 2629 dubiis
760 2565 918 2630 auxilium
943 2567 1160 2652 imploraturi,

146 2680 196 2743 ati
219 2699 288 2744 nou
308 2679 552 2746 erubescebant.
599 2679 665 2765 Qui
683 2681 708 2746 ai
731 2682 813 2748 Deos
831 2697 954 2770 potres
966 2689 1164 2765 salutabant,

147 2817 274 2862 necesse
303 2811 395 2875 erat,
429 2809 468 2860 ut
495 2797 555 2880 ipsi
583 2798 730 2863 Deorum
749 2798 835 2885 fitia·
866 2815 981 2868 essent.
1032 2802 1158 2870 Aeerbri

147 2915 252 3003 igitur
279 2935 332 2980 eos
355 2913 484 2992 ironis,
508 2917 623 2981 relutsi
647 2920 761 2984 heroe's
791 2941 847 2986 seu
879 2921 1005 2986 semidii
1035 2937 1160 2999 essent,

147 3033 291 3099 Lucilius
317 3032 512 3120 exagitabat.
558 3033 731 3120 Postquam
761 3057 838 3102 vero
868 3038 1019 3122 Jupiter,
1052 3053 1089 3104 ut
1113 3042 1159 3104 vi-

146 3153 268 3227 detur,
300 3151 405 3236 Lupi,
435 3152 624 3238 nequissimi
648 3156 806 3230 hominia,
832 3157 915 3220 ritae
939 3177 1072 3222 cursum
1097 3153 1161 3224 ex·

147 3284 322 3355 posueret,
357 3291 435 3336 cum
459 3273 572 3336 ceteris
592 3272 681 3350 Diis,
705 3295 772 3358 quo
793 3272 943 3358 supplicii
966 3297 1085 3362 genera
1108 3285 1161 3345 al-

146 3390 303 3454 liciendus
337 3387 522 3466 rideretur,
547 3387 753 3456 deliberarit.
800 3390 966 3475 Quicum
986 3401 1161 3464 consuluis-

146 3521 216 3572 sent
239 3508 330 3572 inter
349 3531 400 3585 se,
432 3531 489 3574 sua
509 3511 627 3596 singuli
651 3511 802 3597 suffragia
822 3514 980 3579 tulerunt.
1026 3515 1161 3582 Verun-

148 3639 258 3692 tamen
283 3640 412 3709 prueter
440 3628 538 3692 istum
562 3627 695 3711 Lupum
721 3631 761 3692 de
786 3630 852 3696 aliis
871 3637 1160 3717 quoqueejusrlem

184 3957 195 3994 t
234 3933 653 4008 Delvar,1)eor.l,23,l53.
695 3950 974 4013 nueit.1·'r.l,l.

182 4055 198 4090 a
230 4039 282 4092 etr.
304 4040 405 4094 (tell.
425 4039 519 4106 V‚12.
542 4033 633 4100 Hor.
651 4047 725 4115 opp.
747 4044 774 4108 l,
795 4045 838 4108 tii,
865 4033 911 4116 59.
941 4049 1059 4118 Prop.
1079 4051 1159 4116 Ele-g.

153 4133 191 4186 ΙΙ“Ι
209 4172 216 4198 ,
235 4134 271 4200 3,
294 4153 334 4190 tt.
356 4139 467 4192 Arrrl.
488 4139 538 4192 lit.
557 4141 589 4191 de
607 4143 675 4208 orig.
691 4159 720 4212 p.
743 4145 777 4192 ll.
798 4167 828 4186 ··
849 4144 963 4198 Lucil.
986 4145 1033 4196 Fr.
1059 4144 1083 4204 l,
1107 4143 1133 4193 5.
