2894 4986
758 429 799 490 38

278 606 347 672 tino
380 605 465 670 bello
494 607 640 692 equitem
670 605 820 670 militasse
850 605 1015 689 aeripuiti.
1061 606 1161 694 Cujus
1186 629 1285 674 voca·

277 724 346 789 buli
368 725 448 789 salta
464 721 728 807 interpretatione
747 723 853 788 Douaa
871 723 996 810 genero
1016 724 1220 793 nobilitatam
1235 726 1287 792 vel

278 863 319 908 ex
344 844 412 907 eolo
447 843 510 907 hoc
542 844 614 906 loco
637 842 769 924 planam
790 861 854 906 aare
877 842 1101 925 pronuntiavit
1110 842 1138 908 2.
1183 843 1289 908 Erro·

278 979 350 1026 rem
370 957 498 1048 Bryliue
512 957 712 1036 amtulit,de
734 960 873 1044 equestri
897 959 1036 1038 militia,
1058 981 1123 1026 nou
1135 963 1288 1048 equitnm

279 1081 393 1144 ordine
422 1078 650 1162 explicandum
688 1097 752 1142 cate
785 1091 884 1143 ratus.
929 1077 1036 1144 Potina
1068 1080 1143 1144 inde
1173 1081 1288 1145 efficiat

280 1197 443 1282 equitibua
475 1197 676 1280 adscriptum
700 1196 813 1274 lubae,
847 1198 936 1281 quod
958 1197 1148 1282 publicanae
1172 1198 1289 1278 suit33

281 1315 418 1401 publicio
429 1329 540 1380 autem
557 1313 766 1401 vectigalibus
786 1316 844 1380 eoli
867 1315 989 1400 equitet
1005 1315 1289 1400 praeficiebantur.

326 1432 456 1500 Sucaene
486 1431 587 1518 igitur
617 1431 850 1498 Auruncorum
880 1433 1014 1512 honesto
1038 1455 1156 1521 genere
1176 1449 1290 1514 notua,

281 1551 383 1618 videri
415 1563 535 1636 puteat,
560 1564 599 1615 ut
620 1549 724 1639 Varpi
747 1551 886 1634 placuit,
909 1552 1008 1618 natali
1036 1553 1108 1618 loco
1129 1554 1292 1638 puerilem

282 1681 422 1735 aetatem
454 1683 556 1754 mque
584 1670 625 1733 ad
654 1669 790 1734 tertium
820 1669 985 1734 decimum
1024 1671 1135 1736 aetatia
1164 1693 1291 1738 annum

284 1787 495 1874 maueogiue,
536 1805 603 1873 quo
644 1799 793 1870 tempore
822 1787 965 1852 Romam
995 1789 1118 1854 delatua
1149 1787 1293 1875 Scipioni

288 1905 452 1984 imrotuit,
487 1905 544 1992 qui
579 1925 656 1972 eum
688 1925 799 1971 aecum
824 1905 859 1969 in
886 1903 1073 1990 Hispaniam
1093 1907 1196 1974 duxit.
1241 1907 1294 1973 lbi

284 2025 433 2092 tirocinio
463 2025 627 2111 patiturne
658 2027 837 2090 admodum
876 2025 1073 2102 adclament,
1103 2028 1195 2091 valde
1219 2047 1292 2092 ma-

285 2158 362 2211 tura
394 2155 498 2214 aetate
532 2144 608 2210 belli
644 2145 828 2228 epectaculo
861 2145 1053 2210 metuetur
1083 2157 1141 2210 eat.
1195 2141 1294 2229 Quod

287 2285 366 2331 cum
397 2265 553 2352 singulari
587 2263 837 2329 aNumautinia
858 2264 964 2352 magia
981 2283 1082 2350 quam
1099 2289 1119 2330 a
1138 2264 1296 2330 Remmia

282 2383 479 2450 lenitudine
504 2383 611 2448 adhuc
642 2395 770 2470 geatam
797 2395 888 2460 earet,
911 2381 956 2447 ita
976 2403 1130 2467 aupremo
1147 2396 1297 2468 tempore

288 2504 413 2587 majore
445 2499 601 2586 euinque
634 2500 799 2565 alacritme
824 2513 858 2565 et
887 2501 1063 2585 pertinacia
1098 2501 1295 2587 agitabamur.

287 2619 409 2686 illuxit
424 2631 535 2685 autem
560 2619 733 2704 praecipue
754 2615 912 2703 scipioni·
923 2617 1071 2687 Africani
1080 2619 1194 2698 virtue
1208 2623 1298 2706 quod

287 2737 366 2804 belli
395 2739 526 2803 tulmen
557 2757 667 2804 rocem
686 2739 809 2803 deletae
828 2735 1031 2825 Carthaginis
1055 2739 1214 2805 memoria
1235 2760 1300 2805 au·

288 2857 412 2946 mara
426 2856 501 2932 auia,
519 2855 665 2922 hortibut
684 2855 857 2922 torribiline
873 2855 1038 2922 reddebat.
1084 2854 1298 2943 Quamquam

292 2977 435 3044 eundem
466 2973 672 3058 Scipionem,
695 2975 907 3040 lonioimum
924 2975 1208 3041 acaereriaaimum
1230 2977 1301 3042 im-

288 3109 501 3181 peratorem,
538 3091 697 3179 exqubita
726 3095 887 3178 quaedam
911 3093 1097 3160 hmuauitaa
1110 3093 1301 3178 juventuti,

294 3233 396 3298 quam
419 3233 530 3280 aecum
549 3211 584 3278 in
604 3210 713 3278 cuuis
731 3211 889 3288 habebat,
912 3211 1173 3278 commendabat.
1195 3211 1303 3279 Eam·

290 3351 356 3418 que
379 3333 566 3398 naturalem
591 3329 711 3416 ingenii
734 3329 933 3407 bonitatem,
955 3349 1057 3415 quam
1079 3330 1114 3396 in
1136 3350 1176 3398 eo
1196 3331 1304 3397 admi·

288 3449 353 3515 nati
376 3461 453 3514 aaut
486 3449 544 3534 qui
570 3467 647 3512 eum
664 3459 908 3535 moverunt,
939 3448 1080 3514 excoluit
1100 3461 1135 3514 et
1155 3447 1303 3516 illmtta·

291 3569 339 3634 vit
374 3567 535 3633 bonarum
562 3567 684 3632 artium
717 3589 822 3635 emor.
867 3563 998 3654 Quippe
1022 3587 1099 3634 eum
1121 3568 1300 3654 accipiam

294 3701 364 3754 tam
394 3689 576 3775 elegantem
605 3685 789 3753 liberalium
819 3685 1002 3754 atudiorum
1030 3688 1199 3776 omnaque
1221 3687 1306 3754 doc·

329 3992 342 4030 t
380 3971 640 4043 Hietihpd.

326 4093 344 4127 η
379 4073 427 4126 Ad
443 4073 511 4125 [aaa.
530 4071 579 4126 Fe.
595 4086 626 4138 p·
642 4085 686 4140 97.

328 4171 345 4224 5
381 4163 759 4232 neritonxxvho.
