2894 4986
742 352 783 412 24

263 528 425 594 Duronius
443 527 590 594 tribunus
613 529 730 612 plebia*
749 529 953 613 impugnasse
972 538 1070 612 atque
1092 524 1259 612 abrogasse

261 648 369 732 legem
380 646 508 712 Didiam
520 647 665 724 ridetur,
678 669 715 713 ac
726 667 845 730 parum
861 644 1033 711 verisimile
1043 658 1106 720 eat,
1118 665 1138 707 a
1149 642 1260 708 tribu-

262 783 307 828 no
317 763 417 846 plebia
439 767 545 852 legem
558 764 715 830 Liciniam
727 765 833 852 rogari
847 763 995 847 potuisse,
1016 761 1183 848 quoniam,
1194 781 1256 824 ve-

262 879 316 944 riti
338 895 376 946 ut
391 882 563 967 juberetur
576 895 602 947 'a
615 885 758 967 populo,
781 895 1018 948 anteexactum
1030 878 1259 945 trinundinum

262 999 432 1082 optimates
458 1000 526 1065 vim
544 1022 616 1065 eam
647 1001 766 1066 habere
791 997 876 1066 SCto
897 1002 1079 1064 voluerunt.
1125 994 1261 1062 Sednec

262 1117 391 1182 Didiam
411 1118 579 1200 probabile
599 1133 681 1184 esta
701 1119 835 1185 tribuno
860 1119 954 1184 fuisse
976 1131 1141 1204 rogatam,
1164 1116 1219 1180 aed
1242 1135 1262 1176 a

264 1249 412 1320 praetore
446 1236 563 1314 Didio,
598 1241 687 1322 quod
714 1239 813 1302 etiam
835 1237 1013 1322 auspicatus
1043 1249 1090 1300 eat
1125 1233 1260 1320 Vargea.

262 1351 349 1419 llaec
370 1369 480 1419 autem
504 1357 651 1440 quamvis
671 1370 757 1421 recte
768 1359 943 1440 procedant
957 1402 966 1431 ,
978 1369 1012 1420 et
1031 1353 1170 1418 Liciniae
1183 1373 1263 1436 per·

264 1475 413 1538 ferendae
446 1495 540 1539 causa
560 1475 729 1539 manifesta
757 1475 819 1551 ait,
847 1487 958 1539 mmen
978 1473 1076 1557 possit
1095 1471 1256 1548 dubitari,

265 1611 348 1654 num
377 1611 413 1655 re
437 1612 513 1656 vera
540 1592 746 1679 intelligenda
777 1592 817 1657 ait
840 1594 928 1676 apud
951 1591 1120 1660 Valerium
1143 1589 1258 1666 Didia;

265 1729 343 1772 nam
371 1708 441 1772 fieri
477 1709 616 1792 potuisse
645 1723 682 1774 ut
715 1710 777 1775 alia
811 1712 971 1793 quaedam
1001 1707 1092 1772 nobis
1127 1707 1263 1772 obscura

266 1839 345 1890 esset
371 1825 511 1892 Liciniae
528 1829 736 1910 perferendae
760 1849 875 1904 cauas,
900 1849 1006 1912 neque
1029 1828 1203 1910 repetenda
1221 1845 1261 1888 ex

265 1941 372 2010 subita
399 1943 607 2033 abrogatione
638 1945 760 2010 Didiae.
806 1945 850 2012 At
884 1967 960 2010 vero
990 1948 1074 2010 hanc
1104 1945 1262 2010 rationem

266 2061 348 2126 inire
381 2075 491 2127 vetant
523 2061 618 2128 Gellii
650 2062 770 2140 verba,
804 2063 860 2148 qui
883 2063 1069 2128 memoratis
1090 2061 1213 2128 Fannia
1231 2073 1265 2126 et

268 2178 407 2244 Licinia:
428 2194 526 2264 «post
549 2203 608 2256 ea,
625 2181 690 2257 ait,
713 2181 751 2247 L.
764 2179 854 2246 Sulla
865 2181 1002 2246 dictator
1014 2203 1090 2246 cum
1104 2227 1113 2258 ,
1129 2179 1263 2270 legibue

270 2299 354 2362 irta'r
387 2300 462 2362 situ
486 2309 587 2385 atqua
615 2301 708 2363 aenio
732 2299 952 2376 obliteratis,
977 2301 1127 2386 plerique
1149 2299 1184 2362 in
1206 2319 1264 2382 pa·

270 2414 430 2478 trimoniia
452 2415 568 2498 amplia
587 2416 826 2493 helluarentur,
851 2431 884 2482 et
904 2416 1063 2482 familiam
1075 2417 1290 2501 pecuniam·¹

270 2551 335 2616 que
361 2553 453 2597 auam
481 2535 693 2616 prandiorum
719 2535 901 2625 gurgitibus
925 2537 1140 2619 promissam,
1159 2538 1266 2623 legem

272 2651 313 2715 ad
334 2653 494 2734 populum
517 2653 592 2718 tulit
621 2689 666 2705 m
686 2652 712 2718 ¹.
726 2673 744 2715 u
790 2653 1112 2731 Animadvertimus,
1147 2655 1260 2719 Didiae

270 2770 395 2833 nullam
418 2791 437 2834 a
462 2768 566 2835 Gellio
589 2771 788 2837 mentionem
801 2774 895 2849 fieri,
912 2793 1017 2856 neque
1040 2773 1154 2838 disemo
1178 2772 1270 2855 napi-

272 2910 328 2954 am
350 2888 483 2974 exponi,
499 2889 562 2956 situ
583 2904 681 2975 atque
691 2891 779 2956 aenio
796 2912 925 2976 prorsus
948 2891 1151 2955 obliteratam
1160 2889 1267 2955 fuisse.

274 3004 485 3072 Contrarium
514 3027 590 3072 vero
613 3020 757 3073 constare
781 3008 927 3073 videmus
945 3010 984 3072 de
1007 3007 1139 3072 Licinia.
1183 3005 1269 3071 Nam

274 3125 320 3190 ita
347 3125 409 3191 alio
440 3128 511 3191 loco
530 3123 672 3191 Gellius:
709 3123 829 3211 «Quid
855 3140 925 3190 tarn
955 3125 1165 3190 necessarium
1189 3125 1270 3190 exia-

274 3243 428 3308 timatum
468 3257 515 3310 eat
545 3246 778 3328 propulsandae
814 3245 935 3310 civium
969 3243 1134 3320 luxuriae,
1169 3264 1271 3328 quam

275 3361 327 3425 lex
363 3359 499 3436 Licinia,
520 3361 661 3441 Fannia,
682 3363 826 3448 aliaeque
849 3362 928 3427 item
948 3363 1032 3448 leges
1051 3359 1271 3426 aumtuariae?

276 3474 398 3543 Omnia
416 3490 526 3542 tamen
548 3481 627 3546 baec
651 3482 820 3548 obliterata
851 3494 884 3546 et
906 3494 1018 3564 operta
1039 3495 1114 3544 aunt
1138 3479 1273 3545 civitatis

276 3595 441 3680 opulentid
474 3597 563 3680 qusai
598 3599 791 3682 quibusdam
816 3599 967 3665 fluctibus
992 3597 1199 3664 exaestuantis
1211 3595 1272 3662 ².»

278 3713 350 3782 Non
379 3727 488 3780 autem
511 3736 634 3781 necesse
661 3731 726 3793 eat,
763 3730 800 3781 ut
831 3719 920 3782 aliia
944 3716 1008 3783 istis
1032 3715 1154 3803 legibus
1174 3713 1275 3780 etiam

282 3895 557 3913 ᾗ

314 4016 325 4054 Ι
364 3997 406 4061 ll,
427 3998 475 4060 24,
497 4015 537 4054 tr.

314 4115 330 4152 a
364 4093 438 4164 ΧΧ,
459 4099 500 4150 25.
