2860 4974
628 434 686 496 1³1

150 573 262 697 qnod,
285 613 396 696 prouti
416 613 495 687 ille,
516 613 628 678 stilum
651 611 769 678 acuum
790 612 825 676 in
842 615 944 678 malm
974 626 1008 678 et
1031 613 1156 697 facino-

148 750 235 798 rosos
271 731 418 798 homines
452 743 624 801 statuatur.
669 731 785 817 Itaque
806 731 928 796 errarit
947 751 1081 816 quoque
1100 751 1158 809 re-

137 851 258 936 liqua,
284 846 369 936 qaae
389 865 517 918 aurant
535 853 623 937 apud
646 851 809 918 Rutilium
823 849 835 928 ‚¹
855 849 1159 918 Decloaccommo-

141 971 238 1036 dans.
284 968 377 1056 Quae
411 971 504 1036 nullo
537 973 636 1038 modo
650 991 741 1035 mens
764 974 880 1054 poetae
901 969 1028 1036 videtur
1052 969 1157 1038 suase.

128 1089 365 1158 -wemsdorff
391 1111 468 1154 vero
501 1090 583 1154 mire
617 1087 797 1154 fluctuavit.
845 1087 944 1154 Modo
975 1089 1063 1154 enim
1087 1088 1159 1154 Lu-

147 1207 264 1275 cillum
287 1207 376 1274 Decii
389 1222 517 1291 patrem
542 1209 742 1286 naturalem,
756 1207 856 1272 modo
879 1205 921 1292 Q.
934 1207 1074 1272 Fabium
1088 1205 1160 1271 Lu-

148 1329 277 1401 cullum
311 1326 348 1415 (i.
371 1347 402 1394 e.
425 1325 603 1414 Lucillum)
638 1327 731 1392 fuisse
752 1325 952 1410 suspicatur,
976 1329 1068 1412 cujus
1090 1328 1162 1414 epi-

150 1457 339 1532 grammata
372 1449 532 1509 σκωπτικὰ
564 1445 599 1510 in
633 1445 830 1533 Anthologia
854 1444 977 1510 Graeca
995 1447 1164 1532 leguntur.

150 1562 260 1628 Potius
292 1561 425 1630 Bartltio
450 1561 624 1640 ementior,
649 1584 723 1628 vere
739 1564 810 1648 jam
829 1563 957 1630 dudum
977 1565 1164 1648 auspicato,

152 1682 320 1748 Lucilium
360 1694 505 1748 veterem
536 1679 808 1768 Satiropraplaum
840 1701 858 1747 a
884 1681 1013 1748 Rutilio
1038 1684 1164 1767 respici.

151 1800 267 1887 Neque
292 1800 401 1877 enim,
435 1803 525 1887 quod
555 1800 720 1868 huillus
750 1819 816 1865 non
839 1801 1004 1871 lucilius
1026 1802 1165 1879 dictur,

154 1921 381 1986 difficultatem
403 1931 535 1986 moret:
558 1927 663 1986 exstat
687 1920 804 2004 passim
827 1920 925 1986 etiam
948 1921 1164 2005 itascriptum

153 2059 277 2106 nomen
295 2036 477 2106 lucillius
487 2037 513 2104 ¹.
538 2037 585 2106 Ut
602 2060 642 2104 ex
659 2039 758 2106 totius
776 2013 837 2106 lod
849 2039 975 2104 ratione
985 2052 1100 2122 sponte
1108 2061 1166 2123 pa·

154 2171 221 2235 tet,
238 2159 351 2222 laudat
362 2157 549 2223 etcelebrat
561 2156 669 2223 tinam
684 2155 922 2233 honestissime,
936 2157 1167 2222 humanissime

154 2277 497 2362 matinentisaimeque
517 2297 656 2342 munere
681 2279 888 2364 tangentem.
920 2274 1081 2345 Nessana
1105 2278 1169 2342 mi·

155 2415 231 2461 rum
250 2397 372 2460 harum
390 2396 553 2466 virtutum
566 2395 788 2462 recordatione
800 2394 918 2462 Lucilii
929 2397 958 2462 ei
972 2395 1007 2462 in
1019 2409 1168 2461 mentem

155 2516 299 2590 senice,
323 2516 415 2600 cujus
434 2517 524 2580 velut
545 2513 659 2580 nobile
675 2514 794 2601 pignus
815 2513 932 2580 Decius
956 2527 1056 2592 esset,
1077 2515 1169 2600 cujus

153 2645 329 2719 tamquam
358 2633 478 2698 eximia
505 2634 610 2717 proles
627 2633 771 2699 indolem
788 2635 926 2700 referret
947 2655 986 2698 ac
1007 2635 1169 2702 redderet.

156 2751 274 2838 Itaque
290 2751 367 2818 hinc
389 2752 537 2835 primum
558 2753 639 2816 illud
658 2753 884 2838 assequimur,
908 2755 997 2838 quod
1019 2754 1168 2840 neglexi-

154 2893 231 2936 mus
245 2884 437 2955 cpportuno
456 2873 528 2936 loco
548 2870 717 2948 reterre2,
740 2873 914 2955 praestanti
936 2893 1048 2938 revera
1060 2872 1168 2937 indole

156 2990 323 3058 Lucilium
347 2990 463 3067 luisse,
484 3003 559 3055 tum
575 2989 701 3056 Rutilio
718 2990 884 3058 Lucilium
903 2991 1040 3078 dignum
1062 2989 1167 3056 visam

156 3130 246 3184 oua,
265 3109 324 3194 qui
344 3120 598 3192 anteponeretur
621 3107 736 3174 Turno
754 3123 788 3174 et
812 3105 980 3184 iuvenali,
1004 3105 1039 3170 ia
1053 3109 1170 3172 eodem

156 3231 289 3312 poiiseos
313 3247 432 3314 genere
451 3225 611 3290 recentius
628 3225 769 3293 versatis.
801 3224 925 3290 Deinde
947 3237 1056 3308 patet,
1088 3224 1170 3290 Per-

154 3346 194 3412 sii
225 3345 332 3413 verbis
354 3347 462 3409 secuit
486 3343 650 3410 Lucilius
670 3345 791 3409 erlem
815 3343 1023 3428 comprobari
1045 3345 1168 3410 culni-

149 3465 246 3553 fics'e
268 3463 466 3540 Gemoniis,
489 3461 608 3549 quibus
634 3463 731 3529 satira
747 3461 866 3528 Lucilii
887 3464 1017 3530 luserat.
1048 3463 1095 3532 Ut
1112 3487 1172 3530 rs-

156 3584 343 3659 momnis,
368 3582 449 3668 quin
471 3582 525 3646 hie
544 3585 657 3666 politae
677 3601 829 3647 excursus
843 3580 1006 3647 Lucilium
1022 3596 1169 3666 spectet,

157 3702 319 3768 dubitatio
350 3703 502 3778 tollatur,
531 3702 654 3768 facium
674 3701 828 3786 postremi
846 3703 912 3766 duo
932 3721 1057 3782 versus;
1083 3723 1169 3789 quo-

156 3843 235 3886 rum
254 3820 413 3905 posterior
434 3820 568 3905 quidem
592 3819 732 3886 concinit
755 3820 941 3888 Luciliano:

198 4123 209 4159 ι
248 4105 292 4158 Cl.
312 4125 373 4176 sup.
389 4125 416 4174 p.
436 4105 505 4169 nt,
527 4109 588 4161 ut.

193 4223 210 4260 α
248 4201 317 4273 Sap.
335 4223 362 4272 p.
381 4205 414 4274 69
432 4221 494 4274 sqq.
