2894 4986
617 395 658 458 79

132 573 256 638 tionem
279 572 468 660 argumenti
489 571 661 648 habentes,
684 584 741 637 aut
757 570 891 638 Athenis
902 571 1031 640 brevius
1043 593 1138 640 com-

131 679 278 756 moranti
296 691 422 756 Lucilio
434 704 467 756 et
486 687 707 756 Carneadeam
730 689 923 768 doctrinam,
941 714 960 757 a
980 690 1139 759 Clitoma-

132 811 196 874 cho
220 812 370 875 nondum
387 808 486 876 literis
507 811 697 875 mandatam
711 829 817 894 neque
834 809 950 874 iccirco
966 810 1027 874 nisi
1054 809 1140 878 Car-

133 927 244 992 neadis
275 927 436 1012 discipulis
465 942 594 1004 notam,
628 927 800 994 sciscitanti
826 926 1071 995 Clitomachum
1085 951 1142 996 re-

133 1046 254 1131 cepisse
277 1055 316 1112 ut
335 1048 413 1132 'ejus
431 1067 597 1112 summam
620 1047 784 1123 traderet,
807 1059 865 1113 aut
884 1047 990 1112 eidem
1012 1048 1142 1113 aliunde

132 1165 269 1253 cognito
306 1178 339 1230 et
368 1168 410 1230 ad
442 1165 683 1250 percipiendam
713 1165 915 1251 disciplinam
950 1166 1143 1231 Academiae

134 1296 214 1366 apto
238 1305 312 1349 eam
332 1283 502 1368 impertire
530 1304 568 1348 eo
589 1283 721 1349 consilio
743 1283 919 1362 studuisse,
941 1297 980 1348 ut
993 1305 1052 1368 per
1064 1305 1141 1350 eum

136 1401 278 1488 probata
310 1402 435 1468 Romae
454 1415 703 1490 propagaretur.
748 1400 852 1488 Quale
880 1403 1013 1488 quidem
1037 1401 1144 1470 Grae-

134 1541 256 1586 corum
283 1521 552 1606 pbilosophorum
563 1524 785 1608 propositum
814 1521 909 1586 luisse
930 1521 991 1587 sibi
1007 1543 1144 1606 persua-

137 1641 214 1706 deat
239 1661 365 1706 neoene
384 1653 453 1717 est,
476 1640 533 1725 qui
555 1653 709 1724 reputet,
736 1641 777 1705 de
807 1642 922 1705 eodem
947 1654 1143 1728 argumento

136 1759 282 1826 eundem
319 1754 564 1823 Clitomachum
609 1759 708 1843 paulo
739 1771 814 1824 ante
855 1759 1085 1843 perscripsisse,
1103 1762 1145 1826 ad

139 1874 185 1940 tt.
211 1873 491 1942 Censorinum.
521 1875 570 1942 Ita
588 1877 739 1942 novimus
753 1876 847 1942 variis
865 1876 1014 1942 derebus
1034 1878 1146 1963 philo·
1165 1943 1169 1954 ,

138 1993 289 2078 sophiam
313 1993 530 2077 spectantibus
553 1996 594 2059 ad
615 1994 801 2060 Romanam
812 1996 1021 2079 juventutem
1039 1995 1147 2080 scrip·

139 2114 212 2180 sisse
234 2111 375 2179 Graecos
387 2113 604 2199 philosophos,
616 2136 647 2179 v.
660 2135 689 2180 c.
699 2113 889 2180 Panaetium
900 2127 934 2179 et
943 2113 1144 2179 Hecatonem

122 2232 365 2304 .1thodiumad
384 2230 427 2318 Q.
450 2231 607 2299 Aelium
627 2232 893 2330 Tuberonem.
916 2230 1054 2299 Sedalia
1069 2245 1148 2298 sunt

143 2351 263 2416 indicia
286 2371 401 2436 operae
435 2373 454 2418 a
485 2352 611 2418 Lucilio
641 2352 675 2418 in
709 2351 911 2419 Graecorum
946 2351 1149 2437 philosophia

142 2468 275 2554 positae.
326 2469 511 2536 Lactantius
546 2470 636 2536 enim
665 2470 797 2536 scribit:
835 2468 918 2540 «V
916 2472 1062 2536 irratam
1081 2490 1149 2536 noa

143 2589 204 2653 rite
232 2586 418 2672 philosophi
447 2587 660 2664 definierunt,
685 2589 885 2675 quidemst,
909 2588 1149 2676 autinquibus
1174 2615 1177 2620 ¹

145 2707 260 2772 rebus:
291 2705 372 2792 quid
394 2706 518 2791 operis,
546 2706 626 2793 quid
648 2708 767 2773 habeat
788 2708 892 2775 officii.
927 2706 1150 2794 Quaecunque

145 2839 257 2892 autem
286 2826 322 2890 in
349 2825 570 2892 definitionem
599 2829 749 2892 virturis
769 2829 872 2894 solent
894 2826 1019 2905 dicere,
1041 2827 1151 2911 paucis

99 3021 103 3030 ,
147 2947 290 3012 versibus
321 2946 443 3035 colligit
477 2960 510 3012 et
528 2961 658 3012 enarrat
682 2945 822 3013 Lucilius
836 2947 862 3015 ¹.
876 2967 894 3010 a
942 2947 1056 3013 Refert
1075 2967 1153 3012 uer-

147 3086 198 3130 sus
222 3087 294 3143 eos,
318 3088 379 3144 ne,
402 3067 484 3132 dum
508 3067 691 3132 multorum
712 3066 883 3132 sententias
905 3069 1054 3141 refellat,
1075 3066 1152 3130 lon·

148 3183 219 3271 glor
247 3197 338 3250 essct.
383 3183 483 3250 Addit
507 3197 640 3260 autem,
664 3183 706 3249 ab
729 3183 765 3249 iis
787 3182 1049 3258 definitionibus,
1073 3203 1153 3267 quas

148 3302 291 3368 breviter
325 3306 421 3385 poeta
444 3301 757 3385 comprehendisset,
784 3299 831 3367 M.
854 3298 1000 3365 Tullium
1023 3299 1154 3368 truioe

152 3421 253 3486 officia
287 3421 438 3498 risendi,
480 3419 667 3506 Panaetium
700 3417 846 3485 Stoicum
872 3432 1033 3486 secutum.
1086 3417 1154 3485 Nec

152 3549 280 3603 tantum
302 3536 522 3617 Academicos,
544 3539 708 3604 sedetiam
728 3535 849 3604 Stoicos
872 3539 1153 3626 cognovissem,

153 3660 252 3742 quin,
286 3681 353 3744 qua
381 3663 444 3724 late
465 3659 616 3744 patebat,
640 3658 879 3744 philosophiam
899 3658 1058 3725 Graecam
1075 3681 1157 3744 per·

155 3779 270 3862 cepisse
302 3777 455 3844 credibile
475 3792 531 3843 est.
577 3776 643 3864 Qui
666 3777 730 3844 sive
750 3777 939 3844 Panaetium
963 3777 1070 3862 ipsum
1092 3798 1156 3843 au·

155 3895 252 3972 divit,
284 3895 351 3962 sive
383 3918 442 3980 per
466 3893 649 3980 Scipionem
673 3897 707 3960 in
727 3898 796 3981 ejus
819 3895 983 3962 doctrinae
1005 3893 1155 3960 notitiam

157 4071 430 4088 ——u--u———n

192 4198 202 4232 ι
240 4185 314 4235 last.
332 4185 400 4239 Dis.
417 4183 473 4250 vl,
492 4185 519 4239 5.
