2860 4974
639 373 700 446 tto

157 559 229 626 loeo
252 559 429 626 sodalium
453 559 623 624 babuisse.
670 558 880 642 Accipimus,
904 555 938 620 in
962 575 1083 640 mogus
1105 541 1177 614 nlla

156 671 245 747 tione
269 677 439 744 basileensi
462 699 523 762 pro
552 675 809 764 Aristophanes
832 675 1057 740 Aristoxenus
1088 665 1176 752 apud

157 797 324 864 beronem
346 795 421 881 legi.
449 794 556 860 Facile
581 795 794 882 intelligitur,
817 791 1046 879 Porphyrionis
1067 791 1178 854 locum

156 928 354 997 corruptum
387 935 451 979 esse
477 886 510 977 et
541 914 742 978 celebratum
770 912 949 978 Aristotelis
977 929 1099 974 nomen
1117 926 1179 989 pro

158 1030 321 1116 ignotiore
340 1030 547 1107 Aristoxenis,
573 1025 631 1116 qui
653 1033 721 1115 ejus
745 1030 875 1096 auditor
896 1029 981 1105 suit,
1002 1027 1177 1110 seriptum.

159 1146 366 1214 Aristoxenes
390 1163 501 1214 sutem
522 1169 605 1212 num
623 1148 930 1214 lueritTerentinus
950 1147 1177 1230 philosophus,

160 1266 217 1352 qui
251 1265 462 1332 Aristoxenus
494 1267 653 1352 appellari
675 1269 775 1345 solet,
811 1266 923 1353 quaeri
951 1279 1067 1349 potest.
1113 1261 1180 1328 Nec

160 1385 256 1448 rideo
276 1384 356 1468 quid
374 1384 496 1461 obstet,
519 1405 626 1468 quum
648 1385 684 1448 in
704 1375 831 1468 scriptis
851 1383 1033 1450 Aristoxeni
1054 1401 1181 1446 memo·

160 1507 278 1566 rentur
301 1501 571 1585 pbilosophorum
596 1502 696 1581 vitae,
722 1503 756 1568 iu
778 1503 897 1588 quibus
918 1500 1094 1568 scribendis
1117 1518 1181 1582 op·
1233 1565 1247 1581 ,

163 1632 304 1702 portune
340 1620 543 1684 mentionem
572 1623 677 1686 fecere
711 1622 892 1707 lyricorum
929 1625 1102 1704 poe'turum
1123 1637 1180 1703 po-

163 1735 264 1806 tuit¹.
310 1734 374 1805 Sed
396 1759 413 1802 e
437 1738 629 1824 fragmentis
652 1759 768 1804 eorum
797 1739 947 1825 cognosci
969 1760 1037 1807 non
1059 1751 1180 1822 potest.

165 1875 231 1938 qua
242 1854 369 1920 ratione
380 1855 442 1919 hoo
452 1855 499 1918 illi
517 1857 711 1942 peregerint.
736 1857 810 1941 lpse
832 1871 944 1922 tamen
963 1879 1013 1922 ree
1028 1861 1182 1942 frequen*

164 1972 322 2039 unimam
335 1972 550 2037 imitationem
564 1973 679 2040 babuit
698 1987 731 2038 et
743 1975 831 2058 apud
844 1975 1008 2040 Romanos
1023 1975 1091 2056 ipsa
1109 1975 1183 2036 Lu-

166 2089 231 2154 cilii
249 2101 354 2156 eetete
376 2093 466 2154 fuere
484 2091 542 2176 qui
560 2091 797 2174 experirentur.
826 2091 954 2156 Prirnus
979 2103 1183 2156 memoratur

165 2207 338 2274 instituisse
360 2207 393 2272 P.
417 2207 595 2272 Rutilius
617 2208 768 2285 Rufus,
803 2231 904 2293 quem
922 2208 1182 2274 commilitonem

167 2333 283 2409 potitae
316 2324 349 2388 in
375 2323 552 2388 obsidenda
571 2323 748 2390 Numantia
771 2325 1021 2412 cognovimus².
1068 2324 1184 2409 Serip-

166 2444 207 2508 sit
224 2443 279 2508 ille
296 2442 398 2508 ritem
414 2463 519 2508 errem.
544 2442 637 2508 Idem
652 2441 696 2509 M.
711 2444 908 2508 Aemilius
920 2443 1093 2510 Scaurus
1111 2457 1185 2510 stre-

168 2563 274 2646 cepit,
287 2564 377 2646 cujus
390 2576 453 2628 tres
466 2565 507 2628 ed
521 2562 559 2628 L.
569 2562 736 2628 Fufidium
750 2565 823 2628 libri
838 2567 878 2628 dc
889 2561 954 2628 vita
967 2579 1039 2629 actu
1052 2585 1185 2630 merno-

168 2689 286 2746 rentur
298 2679 325 2746 ³.
357 2679 485 2746 Tertius
501 2681 634 2765 suppari
653 2696 756 2746 oetute
769 2681 814 2748 tl.
828 2681 1043 2746 Terentius
1056 2681 1184 2749 Varro

168 2796 310 2862 traditur
337 2799 377 2862 de
406 2798 471 2862 vito
490 2821 548 2863 sun
566 2798 690 2864 librum
713 2798 858 2865 fecisset.
906 2798 953 2867 Ut
976 2821 1054 2864 sero
1077 2800 1185 2862 retexi-

170 2935 224 2978 me
267 2915 480 2980 memorabile
516 2929 585 2992 est,
623 2915 791 2982 Lucilium
829 2931 863 2981 et
892 2912 1055 2981 Rutilium
1089 2933 1183 2980 suant
1259 2933 1267 2946 ·

208 3249 217 3283 ι
257 3231 303 3284 Cf.
321 3233 356 3282 Μ
360 3231 451 3283 altiss
468 3234 551 3282 Dias.
568 3233 601 3284 de
618 3233 801 3286 Aristoxeno.
824 3237 909 3286 Auru.
932 3231 1040 3302 1795&
1060 3233 1086 3283 iu
1103 3231 1186 3285 Tite-t·

176 3331 250 3382 cris.
266 3347 329 3384 nov.
350 3335 370 3377 t.
392 3327 414 3384 Ι.
438 3325 513 3394 [ripe.
535 3329 611 3383 1802.

207 3444 223 3480 s
259 3421 327 3491 Sep.
347 3441 375 3490 p.
395 3441 438 3488 rx,
458 3424 501 3488 ¹6,
520 3425 563 3495 ⁵9·

207 3523 224 3576 ⁵
258 3522 392 3578 Scauro
410 3529 438 3573 st
454 3520 600 3575 llutilio
617 3539 713 3590 pruses
732 3521 891 3574 inimicitiae
910 3523 1022 3577 fuessent
1035 3534 1102 3578 teste
1117 3528 1186 3580 Oica

175 3623 258 3676 ursr.
276 3635 327 3690 29,
357 3617 419 3672 113.
446 3617 545 3673 «Cum
574 3635 624 3668 uris
653 3617 824 3671 consulatum
852 3621 1026 3686 pelis-issent,
1056 3639 1110 3672 non
1136 3623 1186 3672 ills

174 3715 283 3778 solnm,
314 3714 362 3784 qni
391 3711 526 3780 repulsum
557 3713 676 3783 tulerat,
708 3715 844 3766 accusavit
872 3718 990 3768 nrnlritr'rs
1016 3717 1184 3785 designntnnr

175 3811 403 3878 competitorem,
422 3807 469 3862 sed
488 3805 607 3862 Securos
627 3809 708 3860 etiem
732 3809 873 3863 absulutos
897 3811 1030 3865 untuiunr
1054 3813 1082 3862 iu
1110 3814 1187 3870 iudi·

176 3911 246 3962 cium
263 3909 380 3960 vocavit.
394 3923 409 3953 s
437 3906 533 3974 ltaque
551 3904 660 3957 videtur·
678 3912 793 3973 uterque
812 3906 980 3958 vilemsnsrn
999 3909 1188 3976 sclomrcrip-

174 4007 262 4069 sisse,
282 4011 312 4056 ut
326 4021 356 4055 se
378 4003 539 4056 criminibus
556 4007 711 4069 pur-gerent.
745 4000 790 4058 Cf.
813 4003 894 4054 Tne.
918 4003 1013 4070 Agriu
1034 4023 1058 4056 r.
1082 4021 1103 4054 ι.

210 4105 226 4154 4
263 4101 390 4170 Sosip.
413 4101 526 4152 Clsor.
559 4095 821 4157 Gratum01n.sl,i·

661 4224 723 4285 12*
