2860 4974
760 329 820 396 148

287 509 326 570 ln
360 511 421 572 hoc
452 527 583 592 quoque
618 504 719 588 primi
756 506 848 570 verbi
883 506 1078 588 praepositio
1102 507 1144 570 ob
1167 509 1295 570 eandem

287 645 417 690 curnam
454 624 659 707 producitur.
712 623 797 688 Item
834 624 951 707 quinto
985 623 1130 689 decimo:
1165 623 1295 690 Subicit

287 741 370 806 hino
390 779 445 804 -—.
479 738 617 806 Subicit
641 763 663 804 u
686 740 778 804 litera
805 743 902 828 longa
942 744 1102 826 legunt,
1132 743 1209 826 quin
1233 743 1296 826 pri·

285 881 376 924 mam
400 859 559 945 syllabam
577 859 713 922 brevem
738 881 802 924 orso
822 858 859 923 in
875 881 969 924 versu
987 860 1118 924 heroico
1137 881 1204 936 non
1225 882 1295 924 oon·

285 977 409 1042 veniit.
425 997 442 1037 ιι
489 975 562 1040 Νοιι
588 988 693 1060 potest
726 974 781 1040 hic
809 978 849 1039 de
872 977 1049 1040 domestica
1065 990 1098 1041 ot
1120 977 1218 1042 tacita
1240 979 1294 1040 loo·

284 1095 374 1160 tione
408 1115 517 1158 sermo
554 1115 635 1172 orso,
672 1094 749 1176 quia
783 1093 986 1179 syllabarum
1028 1096 1293 1178 productionem,

285 1232 368 1295 quae
387 1211 480 1297 signo
513 1210 646 1274 indicari
676 1211 848 1292 potuisset,
873 1212 1142 1293 pronunciatione
1166 1233 1293 1295 percep-

284 1344 354 1394 tanr
388 1329 484 1393 fuisse
520 1329 593 1393 rutis
625 1327 794 1412 perspicue
833 1329 933 1392 verba
971 1333 1155 1396 ostendunt.
1212 1329 1292 1416 Quin

283 1469 324 1511 ex
346 1449 462 1512 eodem
483 1446 716 1532 intelligimus,
740 1445 817 1511 huic
843 1447 972 1529 publice
994 1447 1201 1534 praelegendi
1226 1469 1292 1512 mu·

283 1565 355 1630 neri
391 1567 512 1628 multos
547 1563 712 1628 Gellianne
741 1563 852 1628 notatio
887 1563 971 1628 viros
1004 1565 1176 1630 studuisse·
1222 1592 1240 1631 ιι
1257 1563 1290 1628 In

284 1703 359 1747 coru
380 1682 477 1746 dandi
502 1681 560 1766 qui
580 1680 751 1765 purissime
768 1681 868 1744 locuti
890 1694 986 1755 runt,
1009 1701 1076 1744 non
1090 1680 1226 1767 faciei,
1248 1681 1290 1746 uti

283 1820 372 1864 nunc
394 1796 536 1874 dicitur,
559 1800 615 1862 sed
629 1797 731 1884 facio
754 1798 920 1863 dixerunt.
948 1797 1125 1862 Lucilius
1117 1820 1150 1860 ιιι
1171 1799 1287 1874 notitia,

277 1919 462 2004 primum,
494 1916 624 2000 inquit,
651 1914 753 2001 forie
774 1949 823 1980 -.
870 1916 963 1979 Idem
989 1915 1161 1980 Lucilius·
1152 1938 1186 1979 ιιι
1212 1916 1289 1980 libro

279 2034 481 2120 reprimo-
483 2031 601 2100 ,Sunt
634 2047 746 2100 tamen
778 2051 854 2098 non
874 2033 1013 2116 pauci,
1038 2033 1095 2117 qui
1122 2033 1288 2117 utrobique

283 2152 377 2228 lorii
399 2149 574 2240 legant&
586 2173 603 2212 ιι

320 2453 328 2485 ι
371 2431 423 2496 lV,
445 2451 499 2502 ry,
522 2452 547 2484 ι.

313 2549 329 2588 2
367 2529 425 2593 ix,
446 2531 496 2594 ri,
517 2547 560 2594 rr.
