2888 4972
766 385 829 444 232

293 551 298 560 ’
336 558 490 645 Quidum
510 563 581 633 uit,
604 553 751 646 ignoras
774 565 834 623 te?
859 563 927 638 an',
952 553 991 624 'ut
1013 566 1194 650 igrtotum,
1219 563 1300 629 dore

1158 682 1259 746 nobie

334 796 372 861 V
371 797 452 858 erbo
475 800 639 881 putam>
675 796 856 883 «Egomet
875 803 924 860 mi
948 801 1114 886 ignosco»
1139 799 1302 865 Moerim

1124 920 1257 1003 iuquit.

334 1034 477 1098 Stultus
510 1045 541 1098 et
572 1035 752 1120 improbate
784 1036 842 1098 laic
865 1057 964 1098 amer
1001 1049 1068 1113 est,
1104 1035 1301 1124 dignusque

1083 1157 1217 1217 -aotart
1229 1152 1256 1218 ¹.

287 1274 336 1335 Ac
359 1253 490 1335 videtur
508 1271 653 1352 ineptam
677 1271 768 1334 illem
793 1263 965 1351 φιλαυτὶαὶν
991 1271 1133 1334 Lucilius
1145 1269 1300 1346 derisisse,

287 1392 378 1472 cujus
413 1391 476 1454 boc
501 1381 606 1452 uuum
633 1401 680 1452 est
702 1391 951 1473 fragmentum:
989 1387 1152 1452 Maenius
1171 1387 1300 1452 colum·

286 1527 369 1570 nam
388 1517 618 1592 competeret.
651 1504 796 1570 Maeuius
809 1505 908 1580 enim,
923 1527 1028 1590 quum
1041 1509 1180 1570 domum
1191 1527 1298 1582 cuam,

289 1641 390 1708 quam
425 1628 466 1688 ad
497 1628 608 1687 sorum
642 1622 801 1697 babebat,
826 1626 966 1687 vendere
988 1639 1161 1708 cogeretur
1183 1621 1300 1688 Catoni

286 1755 318 1804 et
352 1741 469 1806 Flacco
499 1739 683 1804 censoribus
716 1763 746 1804 a.
772 1741 836 1804 569
862 1739 981 1828 (184),
1004 1741 1082 1824 quia
1104 1741 1149 1804 ibi
1170 1741 1301 1806 basilica

286 1873 357 1924 erat
377 1859 595 1934 aedificanda,
620 1857 713 1922 unius
737 1859 911 1926 columnae
931 1857 992 1922 ribi
1010 1858 1139 1940 excepit
1152 1860 1206 1940 jue
1219 1903 1228 1934 ,
1243 1879 1301 1922 au-

287 1999 346 2060 per
369 1999 471 2062 quam
492 1991 618 2040 tectum
643 1976 818 2059 projiceret
839 1997 879 2039 ex
902 1975 1148 2058 provolantibus
1173 1975 1300 2040 tabula-

286 2096 347 2171 tia‚
373 2099 459 2159 unde
482 2095 549 2178 ipse
572 2107 605 2158 et
624 2093 743 2176 posteri
766 2095 834 2176 ejus
857 2107 1004 2176 spectare
1025 2115 1146 2156 munus
1171 2093 1300 2179 gladie-

286 2227 399 2276 torum
423 2225 573 2294 possent,
601 2210 805 2294 quodetiam
826 2223 899 2276 turn
925 2210 959 2271 in
980 2211 1053 2272 soro
1070 2210 1224 2277 dabatur.
1250 2211 1296 2276 Ex

285 2329 341 2392 illo
359 2329 459 2413 igitur
480 2329 639 2392 columna
663 2325 807 2392 Maenia
824 2325 993 2392 nominata
1013 2335 1072 2390 eat.
1098 2325 1198 2408 Apud
1210 2327 1297 2391 iilam

286 2467 351 2508 uon
367 2449 473 2509 solum
486 2446 648 2509 debitores
660 2468 679 2508 a
692 2445 778 2509 credi
783 2445 905 2508 toribus
922 2445 1232 2526 proscribebantur,
1244 2449 1297 2509 red

286 2563 385 2625 etiam
414 2565 500 2624 sures
532 2575 564 2624 et
596 2562 680 2626 servi
713 2583 856 2646 nequam
890 2563 978 2644 apud
1001 2561 1191 2626 triumviros
1212 2561 1297 2645 capi·

286 2683 364 2743 talea
382 2679 491 2761 puniri
514 2678 664 2743 solebant
676 2679 702 2742 ².
725 2677 836 2752 Idem,
863 2677 978 2742 ebroao
1002 2678 1214 2759 patrimonio,
1229 2677 1296 2744 Cal.

287 2797 447 2862 Jauuariis
472 2797 506 2865 iu
531 2795 693 2879 Capitolio
716 2799 804 2862 clara
826 2817 904 2859 voce
928 2795 1076 2878 optavit,
1100 2809 1139 2860 ut
1158 2799 1299 2880 quadra·

287 2920 377 3002 ginta
403 2935 621 2980 nummorum
635 2917 716 2979 aeria
737 2915 831 2978 alieni
857 2916 1015 2991 haberet,
1039 2893 1096 2991 ac}
1119 2929 1296 3006 quaerente

288 3039 453 3122 quodam,
480 3035 561 3119 quid
587 3033 648 3096 eibi
681 3035 796 3109 vellet,
821 3037 910 3117 quod
934 3046 1004 3096 tam
1026 3031 1150 3096 solenni
1170 3033 1224 3095 die
1249 3053 1298 3096 aee

288 3154 433 3216 alienum
465 3163 618 3235 optaret,
649 3151 727 3214 reoli
762 3153 919 3225 mirari,
954 3150 1081 3234 inquit,
1119 3153 1296 3239 octoginta

290 3269 411 3333 habere
431 3268 527 3333 debeo
539 3269 567 3334 ³.
613 3266 688 3352 Quo
712 3268 801 3332 dicto
824 3289 926 3352 quam
948 3279 1053 3331 essent
1073 3266 1103 3330 ei
1130 3287 1208 3332 auae
1225 3289 1298 3351 oper

290 3388 419 3463 taedio,
441 3389 514 3452 satie
537 3387 713 3452 declaravit
729 3397 851 3468 aperte.

334 3507 463 3576 Praeter
488 3507 547 3568 hor
577 3506 717 3572 aliorum
753 3517 857 3569 exstat
892 3504 925 3566 in
957 3503 1073 3572 Lucilii
1106 3505 1298 3590 fragmentis

302 3709 580 3728 Μ

325 3834 337 3868 ι
377 3819 441 3869 Sat.
460 3813 486 3879 1,
505 3813 535 3880 ³,
557 3831 600 3868 αι.

325 3932 342 3966 2
381 3909 626 3964 octotttob.
648 3912 771 3963 irrorat.
787 3929 819 3981 p.
843 3915 914 3964 ὅσοι.
931 3909 1028 3980 p0295
1047 3907 1100 3962 Ed.
1119 3909 1212 3963 Orela.

324 4011 341 4060 3
373 4008 660 4061 Pseudo-Aac.
692 4010 721 4059 in
746 4005 1299 4077 Divin.16,5o.00mm.eruq.p.

290 4103 350 4159 352.
384 4105 483 4158 Luci
494 4105 517 4157 1.
534 4106 583 4174 fr.
602 4106 657 4158 iirc.
680 4101 740 4156 105.
819 4109 821 4114 '
