2894 4986
760 417 802 480 70

280 601 353 668 Scio
386 599 480 664 aliter
501 599 581 662 haec
608 596 834 678 interpretatos
857 597 1029 658 nonnulloe
1054 613 1128 660 eeee.
1151 591 1279 661 Verum

280 717 441 805 quidquid
467 715 504 780 in
528 735 617 781 tecue
645 713 815 780 sentientes
845 711 875 778 J.
899 712 1045 778 Douea
1067 712 1282 790 declamavit,

280 852 396 923 putam
415 834 574 900 melioria
590 833 904 922 progeneroeiorie,
926 830 1115 896 nobilioris
1126 828 1283 916 potitum,

280 971 313 1022 et
334 957 375 1020 ad
395 975 495 1042 genus
522 973 559 1017 ao
581 952 702 1016 natales
730 952 870 1014 reserens
884 949 921 1024 ¹,
952 969 1018 1013 non
1042 971 1178 1014 moveor
1197 950 1280 1035 quin

281 1075 365 1140 vitae
382 1071 592 1156 probitatem,
616 1068 812 1153 aequitatem
833 1081 866 1132 et
890 1067 1102 1132 constentiam
1119 1067 1286 1156 signifiea-

281 1193 312 1258 ri
332 1189 484 1257 arbitrer.
529 1186 625 1274 Quod
652 1185 769 1271 siquis
789 1184 831 1250 eit
848 1186 905 1270 qui
925 1185 1137 1251 temerarium
1149 1199 1284 1264 statuat,

283 1310 512 1393 subaequalem
545 1302 663 1369 Lucilii
710 1324 859 1368 memoro
890 1301 1104 1382 Lucretium,
1135 1305 1287 1370 similiter

285 1429 458 1511 minusque
478 1423 633 1509 ambigue
653 1421 866 1487 scribentem:

330 1546 482 1610 Lumina
514 1545 568 1607 eie
590 1542 702 1606 oeulie
727 1543 834 1605 etiam
857 1540 962 1604 bonne
985 1538 1094 1605 Aneu'
1116 1543 1287 1631 reliquit,

332 1664 404 1752 Qui
415 1663 540 1727 melior
551 1661 677 1726 multis
688 1681 792 1747 quom
805 1671 854 1734 tu,
868 1657 953 1739 fuit,
967 1660 1130 1746 improbe,
1143 1661 1244 1727 rehtu
1257 1661 1286 1728 ².

205 1807 212 1814 ·
287 1781 365 1848 Fuit
392 1780 495 1869 igitur
517 1780 569 1846 vir
591 1780 706 1856 bonue,
728 1775 856 1843 virtutis
877 1781 1028 1844 oolendae
1052 1783 1291 1846 oommendnn·

287 1906 411 1987 deeque
434 1900 615 1979 etudioeue,
637 1898 673 1962 in
690 1899 868 1983 eodemque
886 1895 995 1963 etudio
1006 1899 1291 1967 constantissimus.

289 2019 381 2106 Quae
403 2022 470 2084 leue
503 2038 580 2084 cum
609 2018 714 2101 major
741 2037 804 2081 eeee
826 2018 947 2094 soleat,
971 2016 997 2082 ti
1018 2016 1101 2101 quie,
1122 2013 1291 2084 civitatem

288 2153 424 2215 naetm,
448 2136 684 2224 queeprieeam
707 2154 840 2200 morum
859 2135 1029 2200 sanitatem
1049 2157 1116 2201 non
1139 2139 1292 2222 amplius,

289 2281 355 2344 qua
398 2257 542 2333 nolebat,
583 2253 763 2319 reverentii
796 2254 1022 2339 prosequitur,
1057 2256 1184 2321 sortiter
1218 2279 1293 2322 eam

291 2388 421 2442 tueatur
458 2373 541 2439 vitae
576 2374 725 2454 exemplo
748 2371 997 2457 immunemque
1013 2395 1046 2437 ee
1069 2373 1110 2438 ab
1131 2375 1199 2440 aevi
1219 2374 1294 2440 labe

291 2505 453 2578 praestare
481 2491 630 2566 studeat,
664 2508 781 2573 operae
804 2488 946 2572 pretium
970 2489 1053 2569 erit,
1071 2491 1204 2570 aetatis,
1226 2513 1295 2579 qua

291 2608 403 2677 floruit
422 2608 585 2688 Lucilius,
606 2607 716 2694 pauco
738 2606 914 2698 imaginem
931 2609 1138 2679 adumbrare.

338 2727 551 2794 Memorabile
585 2740 632 2794 eet
659 2727 823 2806 maxime,
859 2733 947 2815 quod
981 2733 1070 2814 apud
1100 2728 1296 2796 Ciceronem

294 2864 364 2929 eet,
385 2848 484 2914 Laelii
493 2848 648 2911 ell'atum:
674 2871 692 2913 «
706 2847 774 2912 Etsi
792 2847 905 2924 nobie,
923 2848 979 2926 ait,
1004 2849 1061 2934 qui
1074 2849 1108 2914 id
1119 2849 1299 2915 aetatietu-
1409 2861 1413 2872 ·

296 2991 389 3045 mua,
420 2965 609 3052 evigilatum
637 2966 704 3028 fere
731 2977 792 3041 eet,
825 2976 937 3029 tamen
969 2967 1010 3030 de
1029 2966 1162 3050 porteris
1181 2965 1299 3032 nostrie

299 3101 332 3153 et
366 3088 406 3151 de
440 3086 496 3150 ille
527 3082 773 3148 immortalitate
800 3082 993 3165 reipublieae
1016 3085 1189 3162 eossicitor3
1213 3105 1299 3168 quae

297 3217 424 3290 poterat
448 3225 511 3268 esee
534 3214 712 3286 perpetua,
731 3200 757 3266 ei
777 3201 888 3284 patriis
905 3203 1067 3268 viveretur
1092 3202 1245 3268 institutit
1266 3216 1300 3270 et

298 3321 443 3387 moribus
454 3321 513 3386 3.»
560 3320 599 3384 ln
617 3341 700 3405 quae
719 3319 819 3385 verba
842 3318 965 3405 quotie·
985 3321 1111 3398 incido,
1132 3322 1226 3388 toties
1242 3345 1299 3388 me

298 3439 402 3526 tangit
428 3460 466 3503 ae
494 3451 582 3503 tenet
597 3438 781 3522 praedicata
802 3439 856 3504 illa
879 3460 984 3525 neque
1007 3440 1141 3504 nLaelii
1164 3461 1301 3525 persona

298 3557 402 3622 aliene
420 3557 460 3622 de
480 3555 674 3638 reipublioae
694 3557 861 3622 Romanae
881 3557 1126 3624 immortalitate
1146 3559 1302 3625 sollieitu-

263 3721 266 3728 ι
299 3679 351 3742 do.
396 3672 480 3740 Nam
517 3673 678 3739 verissime
705 3676 839 3760 quidem
869 3697 908 3742 eo
931 3689 1079 3762 tempore
1102 3677 1243 3744 Romani
1267 3679 1300 3742 in

337 4005 347 4042 ι
385 3991 470 4042 Hor.
491 3989 575 4060 Cruq.
591 4003 620 4054 p.
637 3987 700 4044 684.

333 4105 348 4139 2
383 4090 427 4139 De
446 4087 515 4138 Not.
533 4083 594 4150 111,
615 4087 691 4140 1058.

332 4183 350 4236 ὃ
384 4183 655 4254 Deflep.111,19.
