2888 4972
639 387 702 450 27⁵

158 559 269 626 Lirim
291 577 464 630 memorat..
498 561 664 628 Diuturno
686 584 766 650 ergo
790 585 849 630 aru
871 565 1059 648 residuaque
1072 581 1169 624 erer-

154 679 307 744 citatione
341 681 474 745 emereit
504 701 554 746 rer
588 682 713 748 scenica
738 685 827 765 apud
843 679 1033 746 Romanos.
1079 677 1170 743 Tum

152 799 294 880 propriis
320 821 358 862 ec
389 800 573 882 domentieie
602 799 783 865 artificibus
807 803 1024 866 histrionum
1046 819 1168 862 nomen

153 913 317 991 inditum,
343 917 418 1000 qni,
438 915 611 1000 repudiata
629 915 906 984 Fescenninorum
921 919 1084 992 ruditate,
1109 917 1172 979 im·

153 1035 258 1116 pietat
288 1033 394 1098 modic
426 1048 550 1100 saturer
583 1051 805 1122 peregerunt,
831 1057 895 1102 non
923 1038 997 1101 satir
1015 1033 1172 1098 habentes

153 1154 197 1216 ad
220 1150 362 1216 tibicinio
386 1154 499 1216 modoe
520 1155 660 1230 cellere,
683 1157 738 1219 red
760 1157 801 1220 ad
824 1157 955 1220 eoadem
981 1155 1094 1218 modae
1118 1171 1170 1216 ce·

153 1283 268 1334 neuter
295 1283 328 1334 et
356 1271 466 1334 cantui
494 1270 743 1336 convenientem
768 1287 803 1337 et
825 1272 1045 1356 compotitum
1070 1271 1169 1336 totius

153 1387 300 1470 corporis
335 1401 467 1454 motum
493 1390 717 1476 adjungentes.
765 1391 985 1476 intelligitur,
1009 1388 1169 1474 paulatim

154 1525 312 1590 mquam
333 1506 396 1570 arti
417 1507 542 1592 gratiae
565 1511 695 1573 landem
716 1522 751 1574 et
774 1509 1094 1574 commendationem
1110 1490 1168 1572 ace

152 1643 297 1699 cererem,
329 1622 452 1708 quippe
483 1637 516 1686 et
548 1645 610 1708 pro
639 1627 774 1692 horrido
797 1628 942 1692 carmine
961 1627 1098 1692 cultiore
1114 1626 1170 1688 in-

153 1743 274 1816 ducto,
298 1753 332 1804 et
347 1744 521 1809 emendato
538 1756 631 1828 geete
651 1757 684 1809 et
701 1744 821 1810 adrcita
842 1744 957 1810 cantito
987 1743 1168 1818 dulcedine,

150 1871 185 1924 et
209 1858 342 1923 terratia
374 1857 517 1924 tibicinio
553 1861 669 1926 modis.
716 1861 843 1928 Verum
873 1863 984 1945 quales
1004 1860 1166 1945 intellige·

152 1998 226 2042 mur
250 1989 459 2042 tatarorum
481 1978 597 2044 mador
608 1980 674 2044 eive
687 1982 854 2067 impletae
866 1981 979 2045 morlia
991 1981 1163 2044 saturae?

152 2093 261 2160 ltunk
282 2098 363 2161 haec
380 2097 495 2162 habet:
522 2122 540 2163 r
554 2096 601 2164 Ut
618 2101 706 2180 apud
724 2098 863 2164 Graecos
876 2099 1040 2184 tragoedia
1050 2097 1168 2162 Bacchi

151 2215 256 2280 cultui
277 2213 439 2300 originem
457 2215 615 2292 debebam
642 2217 808 2280 ocmoedie
825 2232 954 2292 contre,
978 2237 1080 2300 quam
1094 2215 1167 2279 fecti

153 2333 298 2396 hilaritas
320 2337 568 2414 procreaverat,
592 2333 674 2397 nihil
687 2335 750 2398 -niri
770 2337 877 2418 jocosa
896 2331 1166 2420 tragoediaecctt-

154 2452 259 2516 verrio
275 2465 368 2527 erat,
393 2451 438 2516 ita
461 2453 549 2534 apud
567 2449 734 2518 Romanae
753 2473 793 2518 ox
818 2455 973 2519 Etruscae
992 2454 1078 2517 illiue
1101 2455 1168 2516 eal-

153 2570 284 2635 trtionie
313 2570 448 2634 ridicula
478 2570 661 2634 imitatione
699 2573 796 2635 satira
831 2587 903 2636 orta
931 2586 996 2647 eet,
1030 2573 1104 2634 licet
1135 2583 1168 2634 et

154 2689 340 2758 omnoediae
361 2702 394 2752 et
409 2687 525 2754 tatirao
540 2689 722 2763 elementa,
747 2689 853 2754 irrisio
878 2689 1066 2772 celeraria,
1089 2709 1167 2750 om·-

152 2827 232 2872 nem
262 2820 369 2871 artem
401 2806 637 2871 antecederent.
685 2806 733 2870 Eo
759 2806 846 2870 enim
878 2808 967 2890 quod
989 2817 1167 2888 coeperunt

156 2945 266 2990 veretra
298 2938 394 2989 antea
418 2937 543 2988 temere
564 2937 597 2988 et
617 2923 830 3006 incomposite
846 2925 984 3008 jactator
1004 2943 1083 2986 oum
1106 2923 1167 2987 eal-

153 3042 277 3108 taticne
310 3055 475 3127 cantuque
507 3043 725 3126 conjungere,
755 3042 849 3109 ludue
871 3041 1030 3124 paulatim
1055 3042 1089 3102 in
1110 3059 1168 3104 ar-

152 3135 225 3224 teni
259 3169 405 3222 mutatur
436 3156 616 3222 artificibus
645 3157 715 3240 jam
739 3156 877 3242 egebat,
913 3157 970 3240 qui
998 3159 1167 3226 etudioeiur

151 3277 201 3341 rei
238 3296 374 3360 opernm
402 3277 530 3339 darent.
577 3271 700 3338 Satime
725 3293 846 3338 nomen
867 3287 979 3338 nectus
994 3295 1058 3337 eree
1078 3277 1165 3340 vide·

151 3408 209 3460 mr
232 3395 277 3460 cb
309 3393 508 3468 verborum,
533 3389 666 3467 mutire,
695 3389 935 3474 saltationirque
960 3393 1167 3474 conjunctio-

147 3533 256 3588 nem,
280 3531 365 3596 quae
381 3511 468 3587 tria,
492 3529 601 3595 quum
622 3523 717 3572 antee
734 3521 837 3572 creent
855 3509 1023 3590 sejuncta,
1044 3523 1116 3576 tum
1133 3511 1166 3574 in

152 3648 262 3696 unum
293 3630 474 3696 marcente
503 3641 664 3711 tauquam
693 3626 837 3690 diversae
865 3627 973 3711 fruger
1000 3627 1034 3690 in
1057 3641 1165 3691 satura

151 3749 245 3812 lance
266 3749 390 3831 populo
414 3744 634 3810 offerebantur
647 3743 701 3808 ¹.»
738 3741 877 3807 Fallitur
899 3743 945 3806 ite
967 3762 1038 3806 rem
1060 3762 1164 3826 erpo-

152 3886 252 3929 nem:
277 3885 355 3927 narn
372 3876 464 3947 patet
487 3883 504 3926 e
525 3860 609 3926 Livii
624 3860 746 3936 verbis,
768 3881 834 3926 non
848 3859 890 3924 ob
904 3858 1165 3940 conjunctionem

192 4103 204 4144 t
244 4091 296 4158 up.
314 4088 335 4146 1.
353 4104 381 4155 p.
402 4085 445 4138 ιδ.
