2888 4972
762 475 833 546 302·-

285 661 372 728 naica
393 657 436 726 ab
468 656 673 748 argumentis
703 661 833 748 tragion
856 671 1043 746 peteretur,
1067 678 1151 748 quae
1174 679 1214 727 ex
1238 681 1293 728 co·

285 784 409 848 thneno
429 780 462 844 in
485 797 621 846 soccum·
638 781 766 844 detorta
784 799 861 844 cum
875 780 1009 863 perodio
1028 779 1292 848 deriderentur1.

282 900 480 967 Dubitatum
510 912 558 964 est
581 911 704 963 utrum
733 898 1005 987 hilarotregoedia
1031 897 1181 988 'simplex
1217 921 1295 966 car·

284 1039 362 1084 men
392 1017 556 1084 scenicum
587 1032 688 1093 esset,
725 1017 814 1102 quod
845 1017 974 1084 recitari
997 1021 1116 1084 soleret
1149 1030 1184 1085 et
1212 1037 1292 1084 eum

281 1137 419 1203 mimica»
445 1137 570 1204 actione
590 1149 671 1201 esset
689 1109 923 1220 conjunctum,
949 1157 991 1201 ao
1011 1137 1122 1202 sabula
1139 1135 1294 1202 ommirus

282 1257 427 1322 numeris
449 1255 608 1321 absoluta.
651 1254 730 1322 Fuit
748 1252 803 1320 cui
823 1255 953 1342 satyrici
973 1257 1128 1321 dramatis
1151 1254 1292 1322 imitatio

282 1371 488 1444 videretur&
520 1373 700 1438 Dremeto
723 1373 883 1458 scripsisse
905 1371 1129 1440 Rhinthonem
1154 1373 1291 1460 Stepha-

281 1515 343 1561 nus
370 1492 566 1580 Byzantinus
601 1493 714 1569 docet,
750 1492 860 1580 Lydas
891 1491 1099 1559 comoediam
1120 1513 1198 1558 enm
1223 1507 1291 1558 tra·

280 1614 331 1680 dit
357 1613 507 1696 primum
537 1609 736 1675 hexametris
764 1609 957 1691 condidisse3
991 1623 1178 1696 praeterea,
1200 1614 1291 1698 qnod

281 1723 417 1796 Tarenti
434 1729 567 1796 inventa
578 1741 671 1806 erat,
695 1727 832 1794 Italico
851 1729 1022 1795 comoedia
1037 1730 1196 1816 appellari
1208 1751 1291 1796 con-

279 1849 423 1916 suevitss.
447 1847 557 1934 Quare
574 1869 641 1913 non
657 1861 704 1913 est
725 1851 816 1934 quod
827 1850 1040 1916 assentiamur
1051 1849 1292 1916 Renvensosu·

280 1969 422 2054 spicato,
453 1965 609 2054 Lydum,
627 1965 819 2050 διδάγματος
838 1968 973 2033 nomine
993 1969 1164 2034 intentum
1188 1967 1292 2034 Rhin-

280 2086 388 2154 thonis
399 2086 644 2173 insignientem,
656 2085 808 2151 nonsatis
820 2087 1140 2172 tenuissepropriam
1153 2089 1223 2173 ejus
1236 2109 1292 2154 ra-

280 2207 405 2273 tionem
424 2219 458 2270 et
482 2206 788 2270 conformationem.
812 2202 922 2290 Quam
945 2206 1002 2270 etsi
1015 2206 1292 2272 nobisobscnram

280 2347 344 2391 esse
368 2328 550 2401 fateamur,
573 2323 654 2388 nihil
678 2325 802 2409 qnippe
824 2345 864 2388 ex
887 2324 1080 2409 antiquitate
1089 2325 1222 2390 subsidii
1235 2340 1293 2393 aut

280 2443 471 2531 argumenti
491 2441 610 2518 naono.
640 2445 729 2527 quod
756 2443 796 2506 ad
819 2445 962 2507 formam
986 2445 1055 2528 ejus
1082 2457 1115 2510 et
1137 2457 1292 2511 naturam

278 2561 536 2648 investigandam
553 2561 674 2636 valeat,
698 2571 810 2624 maren
833 2561 916 2626 illud
938 2562 1063 2646 liquet,
1085 2564 1292 2650 παρῴδονς

279 2680 375 2745 ariae
387 2680 667 2767 phlyacograpdros
680 2675 707 2753 ⁴,
732 2677 788 2762 qui
815 2679 1066 2766 tragoedias
1081 2693 1232 2748 veterum
1246 2683 1293 2750 ita

279 2801 321 2864 ad
351 2817 564 2864 communem
588 2797 786 2864 hilaritatem
808 2809 1082 2882 contorquerent,
1105 2813 1144 2865 nt
1164 2802 1292 2867 ridendi

278 2920 368 2985 loeus
399 2919 615 3005 amplissimus
645 2917 867 3002 spectantibus
893 2905 1030 3003 pateret.
1077 2915 1187 3005 Atque
1211 2923 1292 2988 haee

279 3039 415 3125 qrridem
444 3038 646 3104 considerans
682 3057 749 3101 non
777 3035 851 3102 satis
886 3021 1002 3102 mirari
1022 3057 1173 3121 pomum,
1206 3061 1292 3126 quaa

279 3177 373 3224 causa
392 3156 583 3222 Hermanno
605 3155 722 3233 fuerit,
741 3175 801 3221 cnr
812 3154 1037 3221 Rhinthonem
1049 3169 1198 3222 veteram
1213 3161 1293 3244 epi·

279 3295 417 3342 eornm
452 3287 646 3362 argumenta
677 3287 710 3339 et
740 3273 900 3341 orationes
917 3276 1153 3359 spectatoribus
1178 3278 1293 3344 riden-

279 3397 337 3462 dn
367 3395 566 3479 proposuisse
610 3413 714 3480 eoque
746 3392 781 3461 in
811 3413 930 3482 genere
958 3407 1064 3460 totam
1094 3393 1292 3464 Rhinthonic

278 3514 392 3601 poesin
415 3525 588 3578 renatam·
606 3535 671 3579 esse
692 3512 901 3578 existimarat.
949 3511 1054 3599 Hujus
1073 3515 1175 3602 igitur
1194 3515 1292 3582 insti·

279 3647 353 3701 tuto
389 3631 553 3699 Lucilium
586 3632 687 3697 tradit
713 3632 823 3720 Lydus
852 3632 1001 3718 primurn
1022 3633 1220 3701 hexametris
1237 3655 1290 3700 oo·

303 3842 582 3862 m

314 3967 328 4010 ι
367 3957 484 4006 Osann
505 3952 528 4006 Ι.
545 3950 567 4006 l.
585 3968 615 4020 p.
632 3965 678 4024 71·
705 3947 752 4002 Gi·
773 3953 803 4005 0.
822 3953 858 4026 ’0.
878 3950 1012 4010 Mulier
1033 3954 1139 4006 notter
1159 3953 1201 4020 ΙΙ,
1225 3953 1285 4010 ³6⁴.

313 4065 331 4106 2
365 4050 585 4103 Biclrctaedt
601 4049 634 4102 de
651 4049 740 4102 draus·
762 4050 813 4106 Gr.
832 4051 906 4106 Coro.
929 4051 992 4104 aas.
1010 4066 1038 4122 p.
1055 4050 1099 4106 66.

313 4145 330 4199 3
365 4144 805 4224 Ci.lienvcna101.p.77·

312 4241 331 4298 4
366 4239 683 4314 Osannl.1.p.73.
