2894 4986
740 291 781 353 52

266 472 340 537 Fuit
359 483 468 537 autem
489 471 550 534 hoc
569 471 743 555 παρηγορία
766 492 813 543 τις
835 475 899 543 τοῖς
922 468 1046 551 πένησι,
1069 467 1187 552 quibua
1209 467 1264 535 di·

264 592 328 658 vidi
352 611 418 655 non
441 589 579 674 ampliuo
601 607 719 674 agrum
744 585 914 670 publicum
937 586 1057 652 liceret.
1076 623 1121 636 —
1138 585 1195 653 Hie
1217 589 1264 654 ita

266 709 444 794 explicitis,
476 707 656 772 accedimus
687 707 728 770 ad
758 703 920 771 Ciceronis
952 709 1031 770 loca.
1074 702 1171 791 Quod
1201 705 1264 793 igi-

265 843 320 894 tur
354 826 494 913 neglexit
530 823 634 902 Zeita,
671 823 818 908 primum
856 823 1171 901 animadvertamus,
1203 823 1266 890 Ci-

267 965 420 1011 ceronem
465 942 630 1029 acripeieac,
664 943 830 1007 inutilem
877 954 911 1006 et
954 944 1118 1006 vitiosam
1154 943 1262 1029 legem

263 1063 374 1128 Thurii
407 1061 512 1127 fuisse.
544 1060 697 1125 Inutilem
729 1059 883 1147 Pighiuo¹
908 1068 1082 1144 propterea
1113 1059 1175 1125 dici
1196 1081 1266 1144 pu·

266 1181 364 1258 tavit,
393 1180 469 1265 quia
490 1178 650 1244 aerarium
676 1178 844 1261 publicum
879 1180 1083 1243 fraudaretur
1105 1199 1162 1255 ea,
1194 1181 1263 1263 plc-

269 1299 302 1364 bi
333 1299 455 1384 quippe
486 1294 610 1362 viritim
629 1295 768 1381 pecunid
792 1317 831 1359 ex
855 1296 1001 1382 vectigali
1019 1295 1129 1362 dirisi.
1174 1295 1264 1363 Cum

264 1417 330 1483 oliie
354 1414 457 1503 igitur
478 1412 692 1499 perniciosam
709 1413 804 1480 fuieoc
823 1411 953 1492 statuit3
975 1417 1014 1478 dc
1028 1437 1093 1500 qua
1113 1415 1264 1480 vocabuli

263 1547 438 1620 potestate,
464 1532 589 1620 quoties
608 1535 649 1598 de
673 1537 742 1619 lege
761 1553 868 1598 termo
884 1547 953 1610 eet,
978 1535 1183 1600 vehementer
1208 1557 1264 1598 mc

267 1652 419 1718 dubitare
454 1656 567 1717 fateor.
611 1650 760 1736 Namque
782 1665 819 1717 ut
842 1654 970 1717 oitiooa
992 1653 1042 1717 lex
1065 1674 1102 1717 ea
1123 1650 1263 1730 dicitur,

269 1793 352 1856 quac
380 1783 492 1836 contra
519 1767 661 1854 auspicia
694 1791 732 1835 ac
762 1769 950 1856 religionem
983 1785 1095 1857 rogata
1122 1783 1180 1836 aut
1197 1773 1264 1836 lata

264 1904 332 1967 eet,
353 1889 399 1954 ita
430 1888 577 1953 inutilia
608 1885 744 1954 dicenda
778 1901 826 1953 eet
853 1911 889 1953 ea
920 1910 1002 1973 quac
1024 1901 1158 1972 propter
1178 1887 1263 1956 illud

260 2007 378 2075 viuum
401 2029 442 2072 ne
464 2009 566 2074 valeat
587 2006 784 2091 impeditur,
807 2005 944 2092 ideoque
967 2028 1068 2072 novae
1091 2005 1262 2094 lepitauc-

265 2128 394 2192 toritate
426 2124 615 2213 corrigenda
649 2101 750 2190 att'
779 2123 876 2209 Quod
905 2121 932 2188 ai
968 2137 1136 2202 tenemus,
1166 2126 1262 2192 facile

267 2242 486 2330 intelligitur,
521 2256 630 2306 utram
666 2244 776 2328 legum
810 2241 851 2304 ab
882 2238 1032 2326 Appiano
1056 2243 1261 2308 laudatarum

259 2362 376 2428 Cicero
392 2358 592 2447 cogitaverit.
624 2358 696 2422 Non
718 2359 807 2425 enim
830 2359 967 2423 dubium
991 2358 1074 2445 quin
1080 2363 1260 2448 priorem,

265 2501 366 2566 quam
401 2479 438 2544 οὐ
459 2475 538 2543 aoid
560 2480 686 2564 ὕστερον
709 2475 834 2560 excepit
863 2476 1044 2560 posterior,
1076 2499 1159 2564 quae
1193 2479 1261 2564 ipsa

264 2596 379 2665 vitiosa
405 2610 436 2662 et
466 2593 586 2661 inutilis
610 2592 676 2660 dici
695 2607 866 2679 propterca
893 2595 1027 2680 nequit,
1044 2598 1132 2682 quod
1156 2595 1262 2684 viguit

263 2717 440 2784 triennium
463 2719 546 2795 fero,
566 2716 741 2781 ott-650
766 2713 993 2804 (mr-104),
1015 2718 1117 2782 donec
1139 2715 1263 2786 Marcia

262 2844 311 2905 lex
348 2842 497 2903 lerretur.
541 2835 671 2900 Proreus
707 2848 816 2899 autem
845 2835 965 2901 erravit
992 2836 1150 2913 Rudorfl,
1170 2851 1260 2902 rutua

263 2963 367 3044 legem
399 2954 555 3020 Thorium
582 2954 616 3017 in
640 2976 670 3018 a.
699 2955 762 3017 643
789 2952 880 3042 (111)
905 2951 1098 3031 incidissess,
1133 2953 1259 3040 quippe

263 3073 319 3159 Sp.
348 3074 490 3140 Thorius
513 3067 683 3137 tribunatu
714 3071 926 3155 quadriennio
948 3084 1112 3154 postcunt
1134 3094 1260 3139 annum

266 3196 393 3258 functus
420 3207 476 3259 eet.
532 3189 645 3277 Quum
669 3209 746 3255 vero
772 3203 1020 3254 consentaneum
1042 3188 1084 3255 sit
1098 3204 1259 3270 etatucre,

264 3309 478 3398 significatam
507 3331 526 3374 a
551 3306 704 3376 Cicerone
739 3309 847 3396 legem
887 3308 974 3372 haud
1001 3308 1159 3374 divertam
1192 3332 1261 3376 eoae

293 3607 306 3646 t
344 3593 421 3645 Anu.
440 3591 504 3656 tlt,
526 3591 583 3645 156.
602 3591 645 3643 Cf.
663 3595 772 3645 Peter
788 3593 845 3645 Ed·
863 3595 945 3645 Brut.
968 3591 1024 3644 Cic.
1036 3608 1062 3658 p.
1080 3593 1122 3662 96.

291 3707 307 3742 a
340 3687 386 3741 Cl.
417 3691 485 3744 Cic.
501 3689 577 3741 Ptil.
599 3686 637 3752 V,
656 3689 685 3752 t,
707 3706 750 3742 ιο.
770 3688 973 3756 imprudentia·
989 3689 1072 3756 igitur
1088 3686 1190 3742 liudo
1202 3705 1215 3740 r
1228 3689 1266 3740 fi

256 3805 283 3854 p.
311 3787 354 3840 83.
375 3789 412 3838 1η
433 3788 480 3843 der
494 3783 569 3838 Tiar
590 3787 761 3840 octoiotdie
780 3787 876 3838 iader
905 3786 965 3838 Iex
989 3786 1138 3838 Tltoria
1156 3804 1259 3856 ausge-

252 3885 403 3955 eprochene
427 3885 561 3954 Ordnung
579 3885 616 3934 im
636 3882 846 3936 maccollokan
870 3883 922 3933 dna
943 3882 1086 3935 scticloat
1102 3884 1150 3934 der
1181 3884 1257 3940 leat.

255 4000 339 4050 ager
352 3979 585 4050 publicasset
601 3981 717 4048 ldogere
739 3980 803 4030 zeto
824 3979 998 4031 eotocltiodert
1014 3998 1047 4030 :n
1066 3979 1165 4033 haben.

290 4077 307 4130 3
341 4079 422 4145 Diap.
442 4074 462 4126 l.
480 4093 506 4142 p.
527 4074 569 4127 36.
