2860 4974
749 400 811 466 112

276 581 441 648 abundare
457 581 631 668 antiquum
647 583 779 664 politam
799 577 978 666 significet,
998 578 1092 644 facile
1111 576 1290 644 consistant

276 693 356 766 c'um
383 701 486 776 titiis,
520 721 604 786 quae
631 697 758 765 notavit
778 693 943 763 Horatius.
989 693 1039 762 Sit
1058 693 1146 762 enim
1170 697 1291 783 aliquis

275 817 367 884 omni
389 817 577 885 eruditionis
602 815 696 902 copia
719 816 1003 893 immotissimus,
1025 813 1147 900 poterit
1166 815 1290 898 etipsa

273 937 318 1006 sic
341 936 432 1006 abuti
455 952 492 1004 ut
513 940 657 1003 multum
672 949 823 1012 moveat,
846 955 967 1020 parum
991 948 1203 1020 promoveat,
1226 956 1291 1022 po-

275 1059 353 1124 terit
368 1060 414 1173 sio
431 1057 466 1122 ιιι
488 1079 622 1122 omnem
644 1068 772 1140 partem
791 1051 981 1138 exspatiari,
995 1067 1033 1119 ut
1044 1053 1287 1138 impedimento

273 1166 376 1271 magis
405 1199 508 1264 quam
539 1177 763 1242 emolumento
794 1174 978 1239 cumulatae
1003 1171 1177 1240 sententiae
1197 1172 1287 1238 sint:

272 1294 333 1364 ιιι
338 1319 414 1363 vero
437 1295 644 1362 facetissimus
662 1307 694 1359 et
715 1291 943 1368 dicacissimus,
961 1291 1141 1358 serendum
1165 1291 1228 1356 erit
1243 1313 1289 1356 ne

273 1399 371 1482 ciniis
392 1416 453 1482 sibi
475 1417 619 1500 placeat,
642 1435 684 1478 ne
702 1411 862 1478 obruatur
877 1408 1018 1477 ludentis
1029 1408 1152 1498 ingenii
1163 1409 1285 1496 copiis,

273 1559 315 1601 ne
338 1548 508 1621 mergatur
533 1555 573 1599 ac
595 1545 707 1618 pereat
728 1533 806 1597 salse
826 1531 990 1596 dictorum
1014 1550 1172 1608 acumen,
1194 1533 1286 1616 quod

270 1654 357 1737 justa
383 1628 539 1716 ιιιιιιοιιιι
568 1647 727 1714 brevitate
762 1647 922 1714 eluxisset
967 1645 1082 1734 ltaque
1104 1645 1208 1712 illae
1198 1669 1286 1734 ipsae

274 1772 321 1836 in
317 1747 496 1855 'scriptore
519 1767 639 1857 ingenii
670 1767 805 1834 virtutes
828 1780 861 1834 ct
881 1779 1075 1832 ornamenta
1095 1765 1286 1854 gratissime

271 1867 435 1967 obsunt,
446 1886 505 1954 nisi
539 1886 717 1973 prudenter
757 1886 900 1972 sciteque
941 1885 1165 1952 adhibeantur.
1220 1883 1286 1953 Sed

273 1981 439 2095 piaeterea
454 1988 588 2072 mirum
612 2003 855 2092 Quintilianum
878 2025 997 2092 negare
1021 2003 1174 2082 videri,
1163 2027 1197 2068 ιιι
1210 2003 1286 2070 Lu·

271 2110 345 2196 cilio
371 2105 435 2193 ess'e
462 2128 551 2211 quod
579 2123 693 2190 tollere
714 2123 821 2208 possis.
866 2120 900 2189 Si
917 2121 1005 2188 enim
1026 2122 1192 2207 carpsisset
1214 2121 1285 2188 Hc-

270 2236 416 2320 ratium,
440 2230 529 2328 quod
548 2243 573 2308 is
589 2243 698 2331 pluro
716 2239 869 2308 tollendo
893 2239 1132 2330 relinquendis
1143 2241 1287 2308 consuis«

271 2343 327 2428 ιιι·
338 2358 372 2426 in
388 2360 507 2426 Lucilii
525 2362 638 2445 poe'si,
656 2359 770 2445 judicii
790 2360 994 2426 severitatem
1019 2361 1137 2427 rectius
1158 2364 1284 2430 fortase

267 2503 300 2548 se
301 2466 583 2564 reprehensurus
609 2479 704 2544 fuisse
726 2479 900 2547 rideretur.
946 2477 1109 2564 Equidem
1130 2481 1278 2566 suspicor

270 2620 330 2674 ea,
336 2583 434 2684 qua'e
437 2594 677 2682 Quintilianus
701 2595 910 2674 memoravit,
934 2593 1129 2664 Horatianos
1146 2612 1283 2664 senten-

269 2706 332 2784 sia'e
362 2714 471 2803 aliqua
496 2717 621 2781 ratione
645 2715 790 2800 opposita
811 2738 886 2783 esse.
932 2713 1030 2802 Quod
1054 2716 1144 2825 enisu¹
1148 2675 1310 2804 objicit¹

268 2818 486 2937 eriiditionem
509 2835 651 2912 mirans,
675 2855 714 2900 eo
735 2837 821 2901 valet
836 2847 874 2899 ut
892 2837 1061 2913 ostendat,
1084 2814 1151 2901 noir
1166 2839 1282 2917 sordi·

269 2949 328 3020 uin
352 2977 390 3022 ac
403 2936 473 3020 luti
492 2953 647 3020 instares
667 2953 816 3020 habenda
838 2975 925 3030 esse,
950 2954 983 3019 in
1005 2936 1126 3045 quibus
1149 2958 1281 3044 detege·

270 3079 306 3142 r'e
336 3072 435 3159 possis
455 3075 579 3157 amplas
602 3071 707 3138 ιιιιιιι
727 3045 893 3137 ιιοοιιιιιιι
916 3073 1061 3152 divitiam
1098 3093 1219 3168 quas
1195 3075 1221 3140 si
1243 3090 1285 3145 ut¹

212 3217 215 3226 ¹
269 3173 455 3303 quisquilias
481 3190 668 3265 sustuleris,
692 3192 872 3257 verendum
895 3187 957 3255 erit
982 3211 1023 3256 ne
1047 3206 1081 3258 et
1100 3195 1195 3258 laude
1209 3149 1300 3291 ΙιιιιιΙ

265 3292 478 3441 spoliaveris
478 3314 626 3394 politam,
659 3322 694 3374 et
723 3309 794 3374 illos
812 3306 913 3373 simul
936 3307 1103 3376 abstuleris
1126 3333 1186 3396 per
1203 3333 1280 3403 orn-
1255 3333 1332 3406 NJ·

264 3413 363 3490 nem
379 3405 490 3508 poesin
524 3424 652 3492 diffusos
678 3429 756 3490 sales
787 3438 820 3490 et
848 3426 981 3512 fregeris
1011 3429 1186 3514 παρ’ῥησίας
1210 3432 1278 3497 sim

268 3565 402 3608 omnem
435 3557 468 3608 et
487 3545 644 3610 retuderis
664 3543 885 3613 acerbitatem.
932 3543 1016 3612 Utut
1040 3559 1089 3612 est
1111 3581 1155 3598 -
1170 3571 1277 3636 stoque
1295 3575 1311 3586 ·

270 3663 359 3731 enisa
391 3682 461 3726 rem
488 3661 640 3726 dirimere
666 3661 758 3726 nobis
779 3663 874 3738 licet,
898 3662 1023 3728 etiamsi
1047 3683 1276 3753 cognoscamus

270 3804 289 3846 e
309 3779 477 3846 Lactantio
488 3779 497 3826 ¹
509 3823 521 3856 ,
531 3781 794 3866 circumscripta
807 3780 1019 3870 breuiterque
1031 3787 1188 3862 nonnulla
1199 3805 1275 3858 suut

271 3991 549 4009 ——-—-

1210 4011 1223 4050 q,

310 4145 321 4182 ι
360 4130 436 4182 last.
455 4128 521 4180 Dis.
542 4125 580 4192 V,
599 4146 628 4199 9,
649 4147 691 4183 ιο.
709 4127 764 4195 Vl,
782 4128 811 4194 ⁵,
831 4147 857 4183 2.
