2860 4974
156 627 192 687 ui
210 625 373 706 τοιοῦτον,
407 627 460 702 τῆς
478 621 594 693 νυκτὸς.
618 621 1041 704 transsumentem.
1076 619 1164 706 Quid

155 761 233 806 vero
249 739 331 804 illud
347 738 404 815 sit,
433 741 521 824 quod
541 737 685 804 Lucilius
705 742 810 804 fertur
827 750 928 804 etone
946 737 1087 826 pade-ia
1097 763 1164 804 uno

155 879 264 925 versus
289 857 423 933 fudisse,
447 879 513 921 non
531 857 663 922 assecuti
688 857 879 941 interpretes
903 855 1073 932 sidentur.
1100 858 1163 922 Re·

155 981 277 1042 lerunt.
290 978 380 1042 enim
411 979 451 1042 ad
478 975 674 1042 celeritatem
689 1022 707 1054 ,.
728 975 927 1042 festinantius
944 1000 962 1042 e
984 976 1172 1066 verborum,

152 1095 258 1181 specie
291 1095 460 1180 sapientes.
505 1093 619 1160 Malim
643 1095 798 1182 ambigue
820 1097 945 1160 dictum
972 1098 1094 1161 referre
1122 1098 1163 1162 ad

153 1229 358 1302 perpetuum.
369 1217 513 1301 ejusdem
534 1215 632 1280 metri
655 1231 751 1282 usum
762 1215 793 1282 Ii.
807 1237 837 1281 c.
850 1216 1048 1294 hexametri,
1061 1237 1163 1301 quem

152 1335 326 1420 praecipue
339 1336 373 1400 in
386 1331 587 1400 carminibus
596 1333 777 1400 adhibuisse
789 1332 1057 1421 licentissimeque
1070 1355 1164 1400 usur·

152 1477 240 1540 passe
258 1454 423 1520 Lucilium
442 1457 628 1541 fragmenta
638 1456 765 1518 docent.
790 1451 856 1518 Nec
876 1465 999 1519 temere
1009 1455 1161 1540 equidem

152 1574 193 1640 ab
224 1573 288 1640 illis
316 1571 477 1640 dimensio.
522 1569 626 1649 Nam,
662 1574 840 1640 desudem
865 1593 1035 1661 reagere,
1063 1573 1163 1662 pedae

154 1717 252 1759 aanor
275 1693 299 1760 i.
314 1713 342 1760 e.
366 1694 597 1758 hexametrum
618 1692 816 1758 inemoravit
829 1690 857 1758 t,

161 1853 166 1859 -
192 1809 268 1876 Non
298 1810 423 1875 mirum
454 1809 554 1896 igitur
579 1823 717 1893 propter
731 1809 941 1878 festinationis
964 1822 997 1874 et
1020 1809 1164 1876 incuriae

152 1931 270 1995 vitium
309 1929 407 1993 etiam
428 1927 689 2016 garrulitatem
710 1927 744 1990 in
765 1926 890 1992 Lucilio
910 1925 1083 1992 Horatium
1108 1951 1164 1994 re-

151 2047 378 2133 prehendisse,
413 2049 458 2112 de
475 2067 540 2132 qua
575 2067 657 2110 num
682 2044 904 2110 dubitabimus
920 2043 1160 2130 Quintilianum

150 2168 313 2232 dicentem
327 2165 489 2249 probare:
526 2160 797 2247 «Extemporalis
818 2163 1012 2251 garrulitas,
1034 2185 1094 2228 nec
1106 2187 1167 2232 ex·-

149 2299 292 2370 spectata
311 2284 485 2372 cogitatio,
508 2295 541 2348 et
566 2283 618 2348 vix
638 2283 791 2371 surgendi
814 2303 924 2360 mora,
938 2283 1161 2350 circulatoriae

143 2404 328 2492 'jactationis
349 2402 435 2469 est3.
449 2421 468 2464 u
514 2401 662 2468 Profecto
676 2401 813 2489 dignum
832 2401 948 2466 vitium
970 2413 1057 2479 erat,
1071 2407 1161 2488 quod

110 2503 116 2518 ³
149 2523 381 2608 perstringeret
403 2525 521 2604 poiita,
543 2520 601 2605 qui
614 2519 788 2586 rectissime
810 2532 966 2585 statueret
987 2520 1163 2588 «brevita-

150 2653 179 2706 te
210 2663 276 2706 esse
307 2661 412 2723 opurs,
447 2651 485 2704 ut
517 2651 627 2704 currat
652 2638 831 2715 sententia,
861 2659 926 2703 neu
947 2659 981 2706 sc
996 2639 1162 2723 ,impediat

148 2757 253 2824 serbis
284 2760 375 2824 lassas
396 2757 604 2822 onerantibus
628 2777 719 2822 aures
733 2755 789 2822 ⁴.»
818 2757 927 2842 Atque
946 2759 1023 2824 hinc
1043 2773 1159 2842 sponte

147 2881 186 2944 ad
205 2878 344 2944 tertium
363 2877 480 2944 sitium
502 2878 705 2956 accedimus3
733 2899 811 2944 nam
824 2876 940 2964 fluere
965 2878 1158 2944 lutulentam

147 2997 356 3081 perhibetur,
387 3010 493 3081 atque
508 3017 572 3061 esse
592 2996 626 3060 in
641 2997 787 3062 carmine
809 3001 899 3082 quod
916 2999 1029 3062 tollere
1047 2999 1152 3062 velles.

149 3115 262 3202 ltaque
288 3137 355 3181 non
376 3115 553 3180 currebant
573 3114 673 3180 libere
683 3116 881 3194 sententiae,
909 3118 964 3181 sed
988 3135 1021 3180 se
1037 3115 1153 3199 ,impe-

147 3235 277 3304 diebant
299 3235 404 3304 verbis
417 3233 686 3305 ,redundantibus
705 3246 737 3306 et
759 3233 902 3304 ¹uersibus
919 3234 1048 3300 scabris.
1085 3233 1155 3300 lioe

145 3341 305 3438 judicium
331 3352 509 3440 aegerrime
530 3350 637 3416 tulisse
657 3350 774 3416 Lucilii
800 3353 943 3416 fautores
964 3351 1153 3421 indeeffici-

147 3485 220 3551 tur,
248 3473 337 3560 quod
361 3471 457 3538 rediit
480 3471 595 3537 deinde
618 3472 732 3536 eodem
756 3469 925 3536 Horatius:

181 3895 193 3932 ι
229 3879 546 3936 Praecianum·

180 3995 197 4032 a
233 3978 294 4029 Sat.
314 3977 339 4040 l,
361 3993 403 4041 rc,
422 3971 468 4033 68.
508 3978 614 4044 Idem
633 3978 694 4030 eod.
713 3975 754 4040 ll,
777 3992 801 4040 r,
823 3971 882 4032 28a‘

180 4071 196 4122 ὅ
228 4076 304 4125 Inst.
325 4074 406 4128 Orat.
424 4071 467 4137 ll,
486 4073 513 4130 4,.

180 4168 197 4221 b
233 4169 341 4236 Saul,
362 4187 451 4244 ro,9.
