2888 4972
592 391 655 452 225

123 570 190 634 bini
214 569 248 631 in
267 587 400 630 censum
426 568 619 631 dedica-visti.
643 564 695 628 -Νἰ
717 569 778 628 hoo
799 567 843 628 ita
864 579 935 641 est,
961 569 1016 651 qui
1040 589 1139 650 spon-

123 690 176 752 det
201 685 293 762 mille
322 683 531 748 nummum?
566 683 629 748 Sed
652 697 689 748 tu
711 685 784 765 plus
803 683 899 748 tertia
919 695 1010 768 parte
1032 707 1137 767 pecu·

123 805 193 869 niae
232 815 386 886 paternae
415 801 580 884 perdidisti
606 814 705 886 atque
730 801 911 865 absumsisti
936 801 969 864 in
995 804 1135 888 flagitiis.

124 921 163 985 Ni
194 924 257 984 hoc
285 919 332 984 ita
356 932 427 996 est,
460 920 519 1002 qni
544 921 681 1002 spondet
709 919 798 982 mille
822 919 1027 994 nummum?
1061 919 1136 984 Non

125 1041 169 1104 vis
186 1041 394 1126 nequitiam.
419 1039 490 1124 Age
513 1037 699 1100 malitiam
722 1039 837 1100 saltem
861 1038 1023 1102 defendas.
1071 1037 1135 1102 Sed

123 1171 158 1222 tu
192 1158 298 1222 verbis
333 1155 494 1238 conceptis
517 1155 724 1238 coniuravisti
753 1155 853 1218 sciens
882 1155 1002 1219 sciente
1023 1156 1136 1225 animo

124 1289 190 1339 tuo.
239 1273 278 1346 Ni
302 1275 362 1339 hoc
379 1275 424 1336 ita
445 1287 506 1349 est,
524 1273 580 1357 qui
597 1274 734 1356 spondet
758 1273 847 1336 mille
871 1274 1079 1336 nummum?
1094 1274 1139 1335 1„

124 1391 244 1455 Parum
277 1412 356 1456 vero
379 1391 501 1474 liquet,
536 1389 616 1474 quid
635 1389 697 1452 ista
717 1389 920 1475 significent,
944 1410 1028 1472 quae
1048 1394 1137 1475 apud

125 1509 346 1594 Augustinum
378 1507 533 1594 legimus:
560 1531 577 1572 a
592 1505 782 1587 Ἀμφίὸοξος
813 1520 860 1570 est
893 1511 1139 1584 controversia,

125 1626 157 1689 in
192 1647 259 1710 qua
282 1628 334 1690 vel
359 1628 558 1688 honestatem
584 1645 739 1706 personae
761 1625 932 1709 turpitudo
952 1626 1000 1690 rei
1023 1627 1136 1693 macu-

125 1748 187 1819 lat,
223 1747 314 1809 velut
340 1744 370 1816 si
402 1739 512 1826 Scipio
540 1755 630 1825 petat
657 1744 795 1826 praemii
831 1744 964 1807 nomine
989 1759 1133 1822 mortem

126 1861 173 1924 Ti.
200 1862 297 1926 Aselli
310 1861 357 1924 ².»
385 1859 530 1925 Acerbus
553 1861 581 1923 ei
608 1861 690 1924 vitae
711 1862 814 1925 exitus
833 1860 954 1925 dicitur
975 1863 1138 1927 accidisse.

124 1977 272 2062 Namque
296 1997 373 2040 eum
396 1976 522 2041 Licinia
542 1998 623 2040 uxor
643 1999 768 2042 veneno
791 1979 938 2054 necavit,
962 2001 1045 2063 quae
1068 1980 1135 2062 ipsa

125 2099 241 2180 laqueo
260 2095 387 2160 sceleris
410 2115 527 2177 poenas
543 2094 604 2158 luit
615 2095 644 2159 3.

168 2335 319 2400 Diximus
343 2333 487 2418 supral,
523 2333 609 2398 libro
626 2331 902 2422 duodetrigesimo
925 2339 965 2401 de
987 2333 1021 2401 P.
1046 2337 1135 2402 Gal-

125 2456 233 2518 lonio
257 2457 329 2516 sure
352 2454 450 2538 egisse
473 2453 650 2517 Lucilium.
697 2453 759 2518 Hic
783 2477 866 2540 quae
890 2476 965 2518 eum
988 2469 1136 2538 spectant

124 2573 285 2636 dabimus.
321 2571 476 2658 Legimus
507 2573 595 2653 apud
619 2570 828 2636 Ciceronem:
855 2572 959 2638 «Non
981 2575 1053 2649 ille,
1079 2575 1136 2659 qui

122 2689 303 2775 Diogenem
322 2686 468 2752 Stoicum
489 2689 688 2764 adolescens,
712 2703 786 2771 post
808 2705 919 2753 autem
944 2690 1134 2754 Panaetium

124 2807 292 2881 audierat,
328 2803 456 2868 Laelius
490 2824 530 2867 eo
563 2804 668 2869 dictus
702 2819 749 2868 est
778 2805 927 2888 sapiens,
952 2809 1042 2890 quod
1065 2829 1134 2871 non

123 2925 338 3011 intelligeret,
362 2924 441 3008 quid
463 2924 687 2988 suavissimum
714 2938 795 2990 esset
819 2927 894 3014 (nec
913 2927 1001 2990 enim
1025 2928 1136 3011 sequi·

125 3054 202 3115 tur.
235 3057 272 3106 nt
299 3043 351 3108 cui
386 3063 442 3107 cor
462 3042 587 3125 sapiat,
611 3042 640 3105 ei
662 3063 728 3105 non
745 3043 848 3125 sapiat
869 3041 1052 3128 palatum);
1077 3047 1133 3108 sed

122 3162 201 3245 quia
219 3161 311 3244 parvi
331 3161 365 3224 id
387 3163 537 3226 duceret:

166 3279 196 3342 0
218 3278 369 3366 lapatho,
394 3289 433 3342 ut
435 3279 581 3364 jactare
591 3301 720 3342 necessa
731 3290 798 3354 sal,
824 3284 978 3367 cognita’
991 3287 1133 3347 enisis!

167 3393 212 3460 In
235 3419 301 3482 qao
320 3395 458 3459 Laeliu’
481 3397 667 3471 clamores,
692 3400 784 3476 σοφὸς
800 3397 882 3474 illa,
907 3399 1037 3464 solebat

165 3514 299 3591 Edere,
323 3513 535 3599 compellans
554 3518 700 3602 gumiae
724 3537 763 3577 aa
788 3515 908 3580 ordine
931 3531 1078 3582 nostros.
1122 3519 1125 3524 ’

155 3790 164 3822 ι
210 3771 300 3828 Gall,
323 3769 390 3829 llll,
414 3785 504 3839 amp.

153 3885 170 3918 a
206 3868 327 3936 Princip
349 3868 421 3920 rhet.
441 3885 467 3933 p.
481 3868 540 3922 326.
561 3865 614 3918 cu.
628 3869 749 3935 Meyer
761 3871 855 3924 ΟΜΝ.
868 3871 952 3921 Rom.
965 3869 1013 3918 Fr.
1036 3885 1064 3934 p.
1079 3883 1125 3922 tol

112 3983 178 4035 sqq.
197 3964 352 4015 Ellendt
370 3965 463 4018 Prall.
484 3966 520 4015 al
537 3968 620 4016 Brut.
640 3982 666 4030 p.
689 3963 785 4014 XXX.

150 4059 168 4112 3
209 4059 411 4112 rotatas.
434 4061 484 4123 v1,
507 4061 534 4124 3,
555 4061 580 4112 8.

148 4157 167 4209 4
201 4174 228 4224 p.
252 4155 312 4208 185.

628 4261 665 4318 ts
