2894 4986
268 483 452 554 mentatus:
488 469 632 554 «Loqui
659 470 784 536 videtur
813 469 936 556 Appius
962 472 1001 536 de
1026 485 1119 554 patre
1141 471 1179 536 L.
1205 470 1272 536 Lu·

270 588 368 666 culli,
403 590 460 676 qui
498 587 722 655 Mithridatem
752 589 846 668 uicit,
874 589 908 654 in
935 593 1027 675 cujus
1047 590 1113 656 rita
1144 589 1272 656 Plutar-

271 707 350 772 chus
374 721 484 791 aperte
515 710 733 785 demonstrat,
759 721 906 792 parentes
926 710 992 793 ejus
1010 709 1166 774 incolumi
1183 711 1275 774 lama

279 845 344 888 non
368 825 485 902 fuisse,
521 828 575 890 sed
604 825 693 890 illam
720 825 873 902 avaritia,
896 828 995 904 luxu,
1019 825 1153 892 libidine
1168 826 1273 909 pluri·

271 943 396 1028 busque
419 943 501 1008 vitiis
524 965 591 1007 non
609 966 725 1027 parum
740 941 983 1010 contaminasse.
1027 942 1149 1010 Scribit
1167 944 1274 1020 enim,

274 1075 401 1147 patrem
435 1065 522 1147 ejus,
545 1063 634 1126 hunc
666 1061 787 1128 scilicet
812 1063 851 1128 L.
876 1063 1077 1140 Lucullum,
1110 1063 1190 1130 lurti
1223 1066 1275 1128 vel

272 1182 457 1264 peculatus,
493 1180 542 1246 vel
576 1183 829 1264 repetundarum
849 1184 1042 1246 damnatum
1060 1181 1176 1256 fuisse,
1201 1201 1274 1251 ma·

274 1311 360 1364 trem
397 1318 476 1363 vero
512 1297 688 1364 Caeciliam
721 1298 762 1384 Q.
786 1299 908 1364 Metelli
938 1299 1099 1366 Numidici
1128 1319 1276 1367 sororem

273 1411 484 1500 impudicitia
514 1416 643 1499 publice
671 1419 861 1501 probrosam
880 1430 979 1503 atque
1001 1417 1157 1484 infamem
1181 1415 1277 1486 habi·

274 1549 354 1599 tam.
378 1534 484 1600 Facile
505 1534 642 1600 inducor
665 1539 706 1601 ad
719 1536 936 1620 opinandum,
965 1557 1026 1622 pro
1045 1535 1183 1600 Lucilii
1205 1533 1277 1600 Lu·

277 1653 369 1718 culli
385 1675 505 1719 nomen
529 1656 752 1739 reponendum
784 1675 871 1732 esse,
903 1654 987 1719 sicut
1002 1655 1036 1718 iu
1056 1667 1181 1719 vetusto
1201 1673 1278 1718 meo

277 1770 387 1840 codice
407 1775 579 1858 reperitur.
604 1774 676 1840 Non
696 1775 925 1840 tamenadhuc
938 1774 1047 1851 video,
1070 1771 1227 1858 quidnam
1242 1772 1278 1836 in

276 1893 326 1957 his
344 1893 448 1958 verbis
461 1893 722 1976 reperiatursalis
746 1894 796 1958 uel
816 1890 947 1958 ridiculi
968 1903 1095 1975 praeter
1114 1905 1278 1974 exspecta-

280 2010 413 2075 tionem.
460 2007 612 2094 Suspicor
634 2013 792 2078 mendum
814 2012 916 2075 latens
940 2010 974 2074 in
1003 2031 1080 2074 voce
1118 2008 1277 2074 liberum.

277 2128 390 2215 Quid,
424 2129 449 2192 si
478 2144 642 2196 mutemus
675 2129 709 2194 in
743 2129 946 2206 Lucullum,
969 2127 1179 2214 apparebitue
1200 2128 1279 2194 ridi-

277 2252 389 2314 culum
409 2249 489 2334 quid
519 2263 652 2346 praeter
669 2247 961 2333 exspectationem?
1006 2248 1058 2313 Tu
1077 2247 1280 2314 ridelector.

277 2367 430 2432 Transilit
463 2367 584 2431 etenim
611 2387 690 2432 mox
713 2365 837 2452 Appius
859 2390 879 2432 a
901 2368 1111 2452 quadrupede
1127 2387 1185 2449 per
1203 2387 1282 2452 syn·

277 2487 439 2550 ecdochen
480 2487 522 2549 ad
557 2487 735 2552 unoculum
772 2484 901 2551 Luculli
944 2507 1061 2569 pecus,
1108 2482 1282 2550 libidinem

278 2606 346 2688 ejus
374 2615 487 2669 notans
507 2624 572 2668 non
589 2601 657 2668 sine
679 2603 896 2680 scurrilitate,
919 2605 1010 2689 cujus
1033 2601 1179 2686 Appium
1202 2600 1282 2668 iusi·

280 2723 389 2786 mulat
419 2721 509 2806 prius
538 2722 636 2786 etiam
662 2719 785 2788 Cicero.
831 2719 1016 2788 Obacoenus
1049 2722 1149 2808 igitur
1183 2733 1284 2806 atque

279 2837 411 2906 infamis
425 2838 601 2916 adulteriis,
625 2859 692 2904 non
708 2839 818 2906 miuus
828 2861 931 2925 quam
945 2860 1027 2903 uxor
1046 2841 1114 2922 ejus
1125 2835 1284 2914 Caecilia,

280 2961 437 3025 Lucullus
465 2957 520 3024 hic
555 2957 683 3023 uidetur
710 2979 774 3024 esse
787 2959 813 3024 ¹.
828 2977 845 3020 n
892 2955 954 3022 Sed
987 2959 1067 3023 haec
1086 2976 1153 3022 non
1173 2976 1285 3022 mora-

282 3099 371 3143 mur.
415 3076 532 3144 Balrius
561 3090 672 3142 tuetur
706 3075 825 3142 Lucilii
857 3097 1001 3152 nomen,
1033 3088 1066 3140 et
1089 3096 1191 3162 prosu
1213 3072 1285 3140 Lu-

282 3197 365 3261 cilii
398 3197 551 3284 intelligit
577 3194 725 3280 plebem,
759 3196 812 3262 cui
835 3195 972 3282 uectigal
995 3193 1065 3282 agri
1086 3192 1209 3278 publici
1225 3214 1287 3278 per

283 3312 439 3377 Thorium
464 3316 570 3400 legem
594 3334 743 3380 concessa
779 3311 898 3379 eseetl.
944 3310 1042 3397 Quod
1062 3310 1188 3376 mirum
1207 3311 1286 3378 sub-

282 3432 416 3497 obscure
433 3430 623 3496 nonnemini
647 3432 711 3498 dici
731 3430 838 3498 risum
861 3430 952 3498 esse?
984 3429 1153 3496 Manifeste
1174 3443 1288 3496 autem

283 3549 454 3635 respicitur
487 3552 683 3614 consuetudo
705 3549 843 3627 Lucilii,
872 3549 930 3635 qui
952 3561 1062 3632 petere
1083 3547 1226 3634 singulos
1242 3547 1288 3614 ci·

286 3691 358 3744 ves,
381 3667 523 3750 arripere
544 3667 703 3750 primores
730 3667 842 3753 populi
866 3668 1092 3752 populumque
1115 3665 1287 3744 tributim,

283 3807 453 3870 nunquam
493 3783 666 3850 dubitavit.
728 3783 801 3849 Non
832 3798 985 3870 poterant
1015 3783 1117 3872 igitur
1145 3783 1287 3851 Romani

320 4027 333 4066 r
371 4009 448 4062 Ana.
467 4008 525 4074 lll,
545 4025 604 4064 ros.

320 4127 335 4161 2
373 4106 465 4162 Seirai.
480 4109 622 4178 Hypana.
640 4107 683 4175 11,
703 4110 762 4180 178·
