<?xml version="1.0" encoding="UTF-8"?>
<!DOCTYPE html PUBLIC "-//W3C//DTD XHTML 1.0 Transitional//EN"
    "http://www.w3.org/TR/xhtml1/DTD/xhtml1-transitional.dtd">
<html xmlns="http://www.w3.org/1999/xhtml" xml:lang="en" lang="en">
 <head>
  <title>
</title>
<meta http-equiv="Content-Type" content="text/html;charset=utf-8" />
  <meta name='ocr-system' content='tesseract 3.04.00' />
  <meta name='ocr-capabilities' content='ocr_page ocr_carea ocr_par ocr_line ocrx_word'/>
</head>
<body>
  <div class='ocr_page' id='page_1' title='image "./studiacriticain01heusgoog_0299.png"; bbox 0 0 2888 4972; ppageno 0'>
   <div class='ocr_carea' id='block_1_1' title="bbox 749 394 822 456">
    <p class='ocr_par' dir='ltr' id='par_1_1' title="bbox 749 394 822 456">
     <span class='ocr_line' id='line_1_1' title="bbox 749 394 822 456; baseline 0 0"><span class='ocrx_word' id='word_1_1' title='bbox 749 394 822 456; x_wconf 29' lang='lat'><strong>292*</strong></span> 
     </span>
    </p>
   </div>
   <div class='ocr_carea' id='block_1_2' title="bbox 263 571 1287 2682">
    <p class='ocr_par' dir='ltr' id='par_1_2' title="bbox 263 571 1281 1482">
     <span class='ocr_line' id='line_1_2' title="bbox 266 571 1277 658; baseline 0.001 -22"><span class='ocrx_word' id='word_1_2' title='bbox 266 573 452 638; x_wconf 87' lang='lat' dir='ltr'><strong>nominibus</strong></span> <span class='ocrx_word' id='word_1_3' title='bbox 486 571 716 658; x_wconf 91' lang='lat' dir='ltr'><strong>indicatisque,</strong></span> <span class='ocrx_word' id='word_1_4' title='bbox 746 593 787 640; x_wconf 89' lang='lat' dir='ltr'><strong>uc</strong></span> <span class='ocrx_word' id='word_1_5' title='bbox 822 572 904 658; x_wconf 96' lang='lat' dir='ltr'><strong>quid</strong></span> <span class='ocrx_word' id='word_1_6' title='bbox 933 586 1110 656; x_wconf 84' lang='lat' dir='ltr'><strong>superesset</strong></span> <span class='ocrx_word' id='word_1_7' title='bbox 1135 573 1277 651; x_wconf 87' lang='lat' dir='ltr'><strong>erroris,</strong></span> 
     </span>
     <span class='ocr_line' id='line_1_3' title="bbox 265 691 1277 780; baseline 0 -26"><span class='ocrx_word' id='word_1_8' title='bbox 265 692 529 776; x_wconf 79' lang='lat' dir='ltr'><strong>praenominibus</strong></span> <span class='ocrx_word' id='word_1_9' title='bbox 550 713 739 780; x_wconf 73' lang='lat' dir='ltr'><strong>aggressum</strong></span> <span class='ocrx_word' id='word_1_10' title='bbox 764 713 828 758; x_wconf 86' lang='lat' dir='ltr'><strong>esse</strong></span> <span class='ocrx_word' id='word_1_11' title='bbox 840 691 857 740; x_wconf 83' lang='grc'><strong>3</strong></span> <span class='ocrx_word' id='word_1_12' title='bbox 870 714 878 772; x_wconf 84' lang='grc'><strong>;</strong></span> <span class='ocrx_word' id='word_1_13' title='bbox 904 693 993 778; x_wconf 93' lang='lat' dir='ltr'><strong>quod</strong></span> <span class='ocrx_word' id='word_1_14' title='bbox 1005 692 1111 776; x_wconf 91' lang='lat' dir='ltr'><strong>ipsum</strong></span> <span class='ocrx_word' id='word_1_15' title='bbox 1125 705 1277 757; x_wconf 82' lang='lat' dir='ltr'><strong>veterum</strong></span> 
     </span>
     <span class='ocr_line' id='line_1_4' title="bbox 263 808 1280 876; baseline 0 -2"><span class='ocrx_word' id='word_1_16' title='bbox 263 811 396 875; x_wconf 92' lang='lat' dir='ltr'><strong>illorum</strong></span> <span class='ocrx_word' id='word_1_17' title='bbox 417 811 618 875; x_wconf 86' lang='lat' dir='ltr'><strong>comicorum</strong></span> <span class='ocrx_word' id='word_1_18' title='bbox 641 808 844 876; x_wconf 89' lang='lat' dir='ltr'><strong>Graecorum</strong></span> <span class='ocrx_word' id='word_1_19' title='bbox 867 813 972 876; x_wconf 82' lang='lat' dir='ltr'><strong>audax</strong></span> <span class='ocrx_word' id='word_1_20' title='bbox 995 810 1165 876; x_wconf 89' lang='lat' dir='ltr'><strong>consilium</strong></span> <span class='ocrx_word' id='word_1_21' title='bbox 1186 809 1280 874; x_wconf 86' lang='lat' dir='ltr'><strong>insti·</strong></span> 
     </span>
     <span class='ocr_line' id='line_1_5' title="bbox 263 931 1278 1016; baseline 0.002 -24"><span class='ocrx_word' id='word_1_22' title='bbox 263 939 441 1014; x_wconf 84' lang='lat' dir='ltr'><strong>tutumque</strong></span> <span class='ocrx_word' id='word_1_23' title='bbox 472 931 596 1006; x_wconf 86' lang='lat' dir='ltr'><strong>fuerat,</strong></span> <span class='ocrx_word' id='word_1_24' title='bbox 631 951 698 993; x_wconf 89' lang='lat' dir='ltr'><strong>non</strong></span> <span class='ocrx_word' id='word_1_25' title='bbox 731 931 838 994; x_wconf 91' lang='lat' dir='ltr'><strong>solum</strong></span> <span class='ocrx_word' id='word_1_26' title='bbox 865 933 978 994; x_wconf 87' lang='lat' dir='ltr'><strong>eadem</strong></span> <span class='ocrx_word' id='word_1_27' title='bbox 1007 931 1156 994; x_wconf 88' lang='lat' dir='ltr'><strong>libertate</strong></span> <span class='ocrx_word' id='word_1_28' title='bbox 1174 951 1278 1016; x_wconf 72' lang='lat' dir='ltr'><strong>genus</strong></span> 
     </span>
     <span class='ocr_line' id='line_1_6' title="bbox 265 1047 1278 1132; baseline 0.002 -22"><span class='ocrx_word' id='word_1_29' title='bbox 265 1069 363 1112; x_wconf 90' lang='lat' dir='ltr'><strong>omne</strong></span> <span class='ocrx_word' id='word_1_30' title='bbox 384 1047 642 1112; x_wconf 82' lang='lat' dir='ltr'><strong>facinorosorum</strong></span> <span class='ocrx_word' id='word_1_31' title='bbox 663 1049 926 1127; x_wconf 72' lang='lat' dir='ltr'><strong>traducendum,</strong></span> <span class='ocrx_word' id='word_1_32' title='bbox 951 1071 1067 1115; x_wconf 81' lang='lat' dir='ltr'><strong>rerum</strong></span> <span class='ocrx_word' id='word_1_33' title='bbox 1088 1049 1187 1114; x_wconf 87' lang='lat' dir='ltr'><strong>etiam</strong></span> <span class='ocrx_word' id='word_1_34' title='bbox 1206 1049 1278 1132; x_wconf 85' lang='lat' dir='ltr'><strong>pari</strong></span> 
     </span>
     <span class='ocr_line' id='line_1_7' title="bbox 264 1165 1279 1255; baseline 0 -25"><span class='ocrx_word' id='word_1_35' title='bbox 264 1167 453 1254; x_wconf 74' lang='lat' dir='ltr'><strong>sagacitate,</strong></span> <span class='ocrx_word' id='word_1_36' title='bbox 478 1187 545 1250; x_wconf 92' lang='lat' dir='ltr'><strong>quo</strong></span> <span class='ocrx_word' id='word_1_37' title='bbox 575 1167 711 1251; x_wconf 90' lang='lat' dir='ltr'><strong>quisque</strong></span> <span class='ocrx_word' id='word_1_38' title='bbox 733 1165 803 1231; x_wconf 83' lang='lat' dir='ltr'><strong>vitii</strong></span> <span class='ocrx_word' id='word_1_39' title='bbox 821 1190 939 1255; x_wconf 73' lang='lat' dir='ltr'><strong>genere</strong></span> <span class='ocrx_word' id='word_1_40' title='bbox 962 1190 1000 1232; x_wconf 89' lang='lat' dir='ltr'><strong>ac</strong></span> <span class='ocrx_word' id='word_1_41' title='bbox 1022 1167 1126 1252; x_wconf 90' lang='lat' dir='ltr'><strong>specie</strong></span> <span class='ocrx_word' id='word_1_42' title='bbox 1145 1167 1279 1232; x_wconf 88' lang='lat' dir='ltr'><strong>labora·</strong></span> 
     </span>
     <span class='ocr_line' id='line_1_8' title="bbox 266 1284 1281 1372; baseline 0.002 -22"><span class='ocrx_word' id='word_1_43' title='bbox 266 1299 338 1361; x_wconf 86' lang='lat' dir='ltr'><strong>ret,</strong></span> <span class='ocrx_word' id='word_1_44' title='bbox 373 1308 438 1370; x_wconf 92' lang='lat' dir='ltr'><strong>qua</strong></span> <span class='ocrx_word' id='word_1_45' title='bbox 458 1287 595 1371; x_wconf 88' lang='lat' dir='ltr'><strong>quisque</strong></span> <span class='ocrx_word' id='word_1_46' title='bbox 612 1284 738 1351; x_wconf 87' lang='lat' dir='ltr'><strong>ratione</strong></span> <span class='ocrx_word' id='word_1_47' title='bbox 757 1309 796 1352; x_wconf 91' lang='lat' dir='ltr'><strong>ac</strong></span> <span class='ocrx_word' id='word_1_48' title='bbox 815 1290 915 1353; x_wconf 91' lang='lat' dir='ltr'><strong>modo</strong></span> <span class='ocrx_word' id='word_1_49' title='bbox 932 1285 1075 1372; x_wconf 87' lang='lat' dir='ltr'><strong>speciem</strong></span> <span class='ocrx_word' id='word_1_50' title='bbox 1095 1286 1201 1372; x_wconf 81' lang='lat' dir='ltr'><strong>ipsam</strong></span> <span class='ocrx_word' id='word_1_51' title='bbox 1218 1309 1281 1352; x_wconf 91' lang='lat' dir='ltr'><strong>oc-</strong></span> 
     </span>
     <span class='ocr_line' id='line_1_9' title="bbox 265 1403 956 1482; baseline 0 -12"><span class='ocrx_word' id='word_1_52' title='bbox 265 1408 403 1473; x_wconf 88' lang='lat' dir='ltr'><strong>cultaret</strong></span> <span class='ocrx_word' id='word_1_53' title='bbox 420 1420 453 1469; x_wconf 90' lang='lat' dir='ltr'><strong>et</strong></span> <span class='ocrx_word' id='word_1_54' title='bbox 473 1403 711 1482; x_wconf 80' lang='lat' dir='ltr'><strong>dissimularet,</strong></span> <span class='ocrx_word' id='word_1_55' title='bbox 736 1405 956 1470; x_wconf 89' lang='lat' dir='ltr'><strong>odorantium.</strong></span> 
     </span>
    </p>

    <p class='ocr_par' dir='ltr' id='par_1_3' title="bbox 266 1523 1287 2682">
     <span class='ocr_line' id='line_1_10' title="bbox 310 1523 1281 1614; baseline 0.002 -24"><span class='ocrx_word' id='word_1_56' title='bbox 310 1524 408 1612; x_wconf 87' lang='lat' dir='ltr'><strong>Quod</strong></span> <span class='ocrx_word' id='word_1_57' title='bbox 430 1525 531 1612; x_wconf 76' lang='lat' dir='ltr'><strong>igitur</strong></span> <span class='ocrx_word' id='word_1_58' title='bbox 556 1523 723 1590; x_wconf 86' lang='lat' dir='ltr'><strong>Lucilium</strong></span> <span class='ocrx_word' id='word_1_59' title='bbox 745 1528 1021 1592; x_wconf 86' lang='lat' dir='ltr'><strong>adolescentulum</strong></span> <span class='ocrx_word' id='word_1_60' title='bbox 1044 1548 1117 1592; x_wconf 86' lang='lat' dir='ltr'><strong>usus</strong></span> <span class='ocrx_word' id='word_1_61' title='bbox 1137 1549 1176 1592; x_wconf 89' lang='lat' dir='ltr'><strong>ae</strong></span> <span class='ocrx_word' id='word_1_62' title='bbox 1200 1548 1281 1614; x_wconf 87' lang='lat' dir='ltr'><strong>con·</strong></span> 
     </span>
     <span class='ocr_line' id='line_1_11' title="bbox 266 1642 1283 1732; baseline 0.003 -23"><span class='ocrx_word' id='word_1_63' title='bbox 266 1644 369 1710; x_wconf 78' lang='lat' dir='ltr'><strong>victus</strong></span> <span class='ocrx_word' id='word_1_64' title='bbox 385 1644 544 1709; x_wconf 87' lang='lat' dir='ltr'><strong>sodalium</strong></span> <span class='ocrx_word' id='word_1_65' title='bbox 565 1643 597 1710; x_wconf 90' lang='lat' dir='ltr'><strong>in</strong></span> <span class='ocrx_word' id='word_1_66' title='bbox 622 1642 778 1728; x_wconf 85' lang='lat' dir='ltr'><strong>Scipionis</strong></span> <span class='ocrx_word' id='word_1_67' title='bbox 802 1645 910 1710; x_wconf 87' lang='lat' dir='ltr'><strong>castris</strong></span> <span class='ocrx_word' id='word_1_68' title='bbox 928 1648 1101 1724; x_wconf 84' lang='lat' dir='ltr'><strong>docuerat,</strong></span> <span class='ocrx_word' id='word_1_69' title='bbox 1125 1650 1283 1732; x_wconf 87' lang='lat' dir='ltr'><strong>quodque</strong></span> 
     </span>
     <span class='ocr_line' id='line_1_12' title="bbox 267 1762 1281 1850; baseline 0.004 -24"><span class='ocrx_word' id='word_1_70' title='bbox 267 1763 301 1828; x_wconf 91' lang='lat' dir='ltr'><strong>in</strong></span> <span class='ocrx_word' id='word_1_71' title='bbox 336 1762 405 1847; x_wconf 88' lang='lat' dir='ltr'><strong>ipsa</strong></span> <span class='ocrx_word' id='word_1_72' title='bbox 437 1762 552 1828; x_wconf 89' lang='lat' dir='ltr'><strong>deinde</strong></span> <span class='ocrx_word' id='word_1_73' title='bbox 583 1762 752 1846; x_wconf 87' lang='lat' dir='ltr'><strong>republica</strong></span> <span class='ocrx_word' id='word_1_74' title='bbox 772 1777 930 1850; x_wconf 85' lang='lat' dir='ltr'><strong>tanquam</strong></span> <span class='ocrx_word' id='word_1_75' title='bbox 948 1765 983 1828; x_wconf 90' lang='lat' dir='ltr'><strong>in</strong></span> <span class='ocrx_word' id='word_1_76' title='bbox 1003 1787 1099 1830; x_wconf 88' lang='lat' dir='ltr'><strong>scena</strong></span> <span class='ocrx_word' id='word_1_77' title='bbox 1121 1766 1211 1830; x_wconf 90' lang='lat' dir='ltr'><strong>idem</strong></span> <span class='ocrx_word' id='word_1_78' title='bbox 1226 1787 1281 1830; x_wconf 85' lang='lat' dir='ltr'><strong>ac·</strong></span> 
     </span>
     <span class='ocr_line' id='line_1_13' title="bbox 267 1881 1281 1968; baseline 0.003 -21"><span class='ocrx_word' id='word_1_79' title='bbox 267 1883 409 1948; x_wconf 86' lang='lat' dir='ltr'><strong>curatius</strong></span> <span class='ocrx_word' id='word_1_80' title='bbox 434 1881 707 1948; x_wconf 89' lang='lat' dir='ltr'><strong>animadverterat</strong></span> <span class='ocrx_word' id='word_1_81' title='bbox 725 1882 1012 1968; x_wconf 78' lang='lat' dir='ltr'><strong>vehementiusque</strong></span> <span class='ocrx_word' id='word_1_82' title='bbox 1036 1905 1167 1968; x_wconf 87' lang='lat' dir='ltr'><strong>perosus</strong></span> <span class='ocrx_word' id='word_1_83' title='bbox 1188 1898 1281 1962; x_wconf 84' lang='lat' dir='ltr'><strong>erat,</strong></span> 
     </span>
     <span class='ocr_line' id='line_1_14' title="bbox 267 2000 1283 2090; baseline 0.001 -24"><span class='ocrx_word' id='word_1_84' title='bbox 267 2004 332 2082; x_wconf 75' lang='lat' dir='ltr'><strong>hoe</strong></span> <span class='ocrx_word' id='word_1_85' title='bbox 354 2016 389 2066; x_wconf 89' lang='lat' dir='ltr'><strong>ut</strong></span> <span class='ocrx_word' id='word_1_86' title='bbox 406 2001 478 2086; x_wconf 87' lang='lat' dir='ltr'><strong>ipsis</strong></span> <span class='ocrx_word' id='word_1_87' title='bbox 501 2000 666 2078; x_wconf 87' lang='lat' dir='ltr'><strong>maleficis,</strong></span> <span class='ocrx_word' id='word_1_88' title='bbox 692 2015 851 2084; x_wconf 83' lang='lat' dir='ltr'><strong>quantum</strong></span> <span class='ocrx_word' id='word_1_89' title='bbox 878 2015 956 2066; x_wconf 85' lang='lat' dir='ltr'><strong>esset</strong></span> <span class='ocrx_word' id='word_1_90' title='bbox 980 2024 1018 2066; x_wconf 89' lang='lat' dir='ltr'><strong>ac</strong></span> <span class='ocrx_word' id='word_1_91' title='bbox 1030 2005 1135 2086; x_wconf 84' lang='lat' dir='ltr'><strong>quale,</strong></span> <span class='ocrx_word' id='word_1_92' title='bbox 1149 2017 1283 2090; x_wconf 80' lang='lat' dir='ltr'><strong>cousta-</strong></span> 
     </span>
     <span class='ocr_line' id='line_1_15' title="bbox 268 2120 1282 2198; baseline 0.001 -11"><span class='ocrx_word' id='word_1_93' title='bbox 268 2135 337 2198; x_wconf 86' lang='lat' dir='ltr'><strong>ret,</strong></span> <span class='ocrx_word' id='word_1_94' title='bbox 364 2134 399 2185; x_wconf 90' lang='lat' dir='ltr'><strong>ut</strong></span> <span class='ocrx_word' id='word_1_95' title='bbox 418 2121 451 2184; x_wconf 92' lang='lat' dir='ltr'><strong>in</strong></span> <span class='ocrx_word' id='word_1_96' title='bbox 472 2142 587 2184; x_wconf 91' lang='lat' dir='ltr'><strong>eorum</strong></span> <span class='ocrx_word' id='word_1_97' title='bbox 606 2120 743 2196; x_wconf 89' lang='lat' dir='ltr'><strong>animis,</strong></span> <span class='ocrx_word' id='word_1_98' title='bbox 758 2123 1009 2186; x_wconf 78' lang='lat' dir='ltr'><strong>malefactorum</strong></span> <span class='ocrx_word' id='word_1_99' title='bbox 1025 2121 1086 2186; x_wconf 91' lang='lat' dir='ltr'><strong>sibi</strong></span> <span class='ocrx_word' id='word_1_100' title='bbox 1104 2123 1237 2188; x_wconf 88' lang='lat' dir='ltr'><strong>consciis</strong></span> <span class='ocrx_word' id='word_1_101' title='bbox 1249 2137 1282 2188; x_wconf 87' lang='lat' dir='ltr'><strong>et</strong></span> 
     </span>
     <span class='ocr_line' id='line_1_16' title="bbox 269 2239 1279 2324; baseline -0.002 -18"><span class='ocrx_word' id='word_1_102' title='bbox 269 2243 366 2306; x_wconf 72' lang='lat' dir='ltr'><strong>tacisti</strong></span> <span class='ocrx_word' id='word_1_103' title='bbox 390 2241 487 2324; x_wconf 81' lang='lat' dir='ltr'><strong>culpd</strong></span> <span class='ocrx_word' id='word_1_104' title='bbox 509 2239 721 2314; x_wconf 85' lang='lat' dir='ltr'><strong>sudantibus,</strong></span> <span class='ocrx_word' id='word_1_105' title='bbox 753 2241 860 2322; x_wconf 89' lang='lat' dir='ltr'><strong>pudor</strong></span> <span class='ocrx_word' id='word_1_106' title='bbox 880 2262 918 2306; x_wconf 90' lang='lat' dir='ltr'><strong>ac</strong></span> <span class='ocrx_word' id='word_1_107' title='bbox 944 2240 1142 2324; x_wconf 87' lang='lat' dir='ltr'><strong>poenitentia</strong></span> <span class='ocrx_word' id='word_1_108' title='bbox 1166 2263 1279 2307; x_wconf 85' lang='lat' dir='ltr'><strong>move.</strong></span> 
     </span>
     <span class='ocr_line' id='line_1_17' title="bbox 269 2357 1282 2448; baseline -0.002 -22"><span class='ocrx_word' id='word_1_109' title='bbox 269 2375 405 2436; x_wconf 82' lang='lat' dir='ltr'><strong>rentur,</strong></span> <span class='ocrx_word' id='word_1_110' title='bbox 442 2361 503 2423; x_wconf 92' lang='lat' dir='ltr'><strong>hoc</strong></span> <span class='ocrx_word' id='word_1_111' title='bbox 529 2371 567 2424; x_wconf 86' lang='lat' dir='ltr'><strong>ut</strong></span> <span class='ocrx_word' id='word_1_112' title='bbox 587 2379 685 2422; x_wconf 92' lang='lat' dir='ltr'><strong>omne</strong></span> <span class='ocrx_word' id='word_1_113' title='bbox 719 2357 819 2448; x_wconf 85' lang='lat' dir='ltr'><strong>bonos</strong></span> <span class='ocrx_word' id='word_1_114' title='bbox 843 2380 910 2427; x_wconf 88' lang='lat' dir='ltr'><strong>nou</strong></span> <span class='ocrx_word' id='word_1_115' title='bbox 931 2361 1065 2446; x_wconf 70' lang='lat' dir='ltr'><strong>latepct,</strong></span> <span class='ocrx_word' id='word_1_116' title='bbox 1098 2361 1153 2424; x_wconf 89' lang='lat' dir='ltr'><strong>sed</strong></span> <span class='ocrx_word' id='word_1_117' title='bbox 1176 2359 1282 2424; x_wconf 86' lang='lat' dir='ltr'><strong>edocti</strong></span> 
     </span>
     <span class='ocr_line' id='line_1_18' title="bbox 272 2477 1284 2568; baseline 0.003 -26"><span class='ocrx_word' id='word_1_118' title='bbox 272 2493 346 2543; x_wconf 90' lang='lat' dir='ltr'><strong>tum</strong></span> <span class='ocrx_word' id='word_1_119' title='bbox 372 2479 489 2542; x_wconf 83' lang='lat' dir='ltr'><strong>vitium</strong></span> <span class='ocrx_word' id='word_1_120' title='bbox 514 2477 621 2561; x_wconf 89' lang='lat' dir='ltr'><strong>ipsum</strong></span> <span class='ocrx_word' id='word_1_121' title='bbox 647 2491 721 2542; x_wconf 90' lang='lat' dir='ltr'><strong>tum</strong></span> <span class='ocrx_word' id='word_1_122' title='bbox 743 2477 811 2542; x_wconf 88' lang='lat' dir='ltr'><strong>vitii</strong></span> <span class='ocrx_word' id='word_1_123' title='bbox 831 2478 972 2562; x_wconf 88' lang='lat' dir='ltr'><strong>speciem</strong></span> <span class='ocrx_word' id='word_1_124' title='bbox 1006 2481 1182 2568; x_wconf 76' lang='lat' dir='ltr'><strong>fugerent,</strong></span> <span class='ocrx_word' id='word_1_125' title='bbox 1205 2480 1284 2545; x_wconf 88' lang='lat' dir='ltr'><strong>seri·</strong></span> 
     </span>
     <span class='ocr_line' id='line_1_19' title="bbox 271 2594 1287 2682; baseline 0.003 -23"><span class='ocrx_word' id='word_1_126' title='bbox 271 2596 384 2661; x_wconf 84' lang='lat' dir='ltr'><strong>bondis</strong></span> <span class='ocrx_word' id='word_1_127' title='bbox 413 2594 515 2662; x_wconf 86' lang='lat' dir='ltr'><strong>satiris</strong></span> <span class='ocrx_word' id='word_1_128' title='bbox 536 2597 660 2682; x_wconf 84' lang='lat' dir='ltr'><strong>assequi</strong></span> <span class='ocrx_word' id='word_1_129' title='bbox 687 2596 821 2661; x_wconf 87' lang='lat' dir='ltr'><strong>studuit.</strong></span> <span class='ocrx_word' id='word_1_130' title='bbox 868 2595 938 2660; x_wconf 86' lang='lat' dir='ltr'><strong>Hae</strong></span> <span class='ocrx_word' id='word_1_131' title='bbox 972 2610 1083 2680; x_wconf 82' lang='lat' dir='ltr'><strong>autem</strong></span> <span class='ocrx_word' id='word_1_132' title='bbox 1107 2597 1140 2662; x_wconf 92' lang='lat' dir='ltr'><strong>in</strong></span> <span class='ocrx_word' id='word_1_133' title='bbox 1163 2619 1201 2662; x_wconf 88' lang='lat' dir='ltr'><strong>re</strong></span> <span class='ocrx_word' id='word_1_134' title='bbox 1219 2600 1287 2678; x_wconf 84' lang='lat' dir='ltr'><strong>effi-</strong></span> 
     </span>
    </p>
   </div>
   <div class='ocr_carea' id='block_1_3' title="bbox 272 2714 1301 2806">
    <p class='ocr_par' dir='ltr' id='par_1_4' title="bbox 272 2714 1301 2806">
     <span class='ocr_line' id='line_1_20' title="bbox 272 2714 1301 2806; baseline 0.001 -25"><span class='ocrx_word' id='word_1_135' title='bbox 272 2714 385 2781; x_wconf 90' lang='lat' dir='ltr'><strong>cienda</strong></span> <span class='ocrx_word' id='word_1_136' title='bbox 408 2715 538 2802; x_wconf 79' lang='lat' dir='ltr'><strong>ingenio</strong></span> <span class='ocrx_word' id='word_1_137' title='bbox 560 2736 634 2782; x_wconf 87' lang='lat' dir='ltr'><strong>usus</strong></span> <span class='ocrx_word' id='word_1_138' title='bbox 658 2728 705 2780; x_wconf 88' lang='lat' dir='ltr'><strong>est</strong></span> <span class='ocrx_word' id='word_1_139' title='bbox 722 2735 863 2806; x_wconf 74' lang='lat' dir='ltr'><strong>magno,</strong></span> <span class='ocrx_word' id='word_1_140' title='bbox 886 2718 1018 2794; x_wconf 84' lang='lat' dir='ltr'><strong>solerte,</strong></span> <span class='ocrx_word' id='word_1_141' title='bbox 1043 2719 1168 2795; x_wconf 84' lang='lat' dir='ltr'><strong>faceto,</strong></span> <span class='ocrx_word' id='word_1_142' title='bbox 1192 2719 1301 2806; x_wconf 82' lang='lat' dir='ltr'><strong>omni</strong></span> 
     </span>
    </p>
   </div>
   <div class='ocr_carea' id='block_1_4' title="bbox 271 2834 1303 3996">
    <p class='ocr_par' dir='ltr' id='par_1_5' title="bbox 271 2834 1303 3996">
     <span class='ocr_line' id='line_1_21' title="bbox 273 2834 1285 2926; baseline 0.001 -25"><span class='ocrx_word' id='word_1_143' title='bbox 273 2850 421 2922; x_wconf 85' lang='lat' dir='ltr'><strong>exparte</strong></span> <span class='ocrx_word' id='word_1_144' title='bbox 442 2837 622 2926; x_wconf 79' lang='lat' dir='ltr'><strong>praeelar03</strong></span> <span class='ocrx_word' id='word_1_145' title='bbox 649 2837 738 2920; x_wconf 94' lang='lat' dir='ltr'><strong>quod</strong></span> <span class='ocrx_word' id='word_1_146' title='bbox 760 2834 817 2898; x_wconf 84' lang='lat' dir='ltr'><strong>etsi</strong></span> <span class='ocrx_word' id='word_1_147' title='bbox 842 2847 971 2898; x_wconf 90' lang='lat' dir='ltr'><strong>mature</strong></span> <span class='ocrx_word' id='word_1_148' title='bbox 992 2835 1285 2924; x_wconf 18' lang='lat' dir='ltr'><strong>libertatisqaman·</strong></span> 
     </span>
     <span class='ocr_line' id='line_1_22' title="bbox 273 2953 1287 3040; baseline -0.002 -20"><span class='ocrx_word' id='word_1_149' title='bbox 273 2957 433 3021; x_wconf 89' lang='lat' dir='ltr'><strong>tissimum</strong></span> <span class='ocrx_word' id='word_1_150' title='bbox 457 2969 558 3031; x_wconf 83' lang='lat' dir='ltr'><strong>esset,</strong></span> <span class='ocrx_word' id='word_1_151' title='bbox 582 2968 680 3038; x_wconf 90' lang='lat' dir='ltr'><strong>atque</strong></span> <span class='ocrx_word' id='word_1_152' title='bbox 694 2953 796 3018; x_wconf 87' lang='lat' dir='ltr'><strong>animi</strong></span> <span class='ocrx_word' id='word_1_153' title='bbox 818 2967 987 3040; x_wconf 86' lang='lat' dir='ltr'><strong>utcunque</strong></span> <span class='ocrx_word' id='word_1_154' title='bbox 1007 2954 1113 3020; x_wconf 85' lang='lat' dir='ltr'><strong>affecti</strong></span> <span class='ocrx_word' id='word_1_155' title='bbox 1134 2976 1172 3019; x_wconf 84' lang='lat' dir='ltr'><strong>ac</strong></span> <span class='ocrx_word' id='word_1_156' title='bbox 1193 2977 1287 3020; x_wconf 90' lang='lat' dir='ltr'><strong>eom·</strong></span> 
     </span>
     <span class='ocr_line' id='line_1_23' title="bbox 272 3072 1301 3162; baseline 0.001 -23"><span class='ocrx_word' id='word_1_157' title='bbox 272 3074 356 3140; x_wconf 86' lang='lat' dir='ltr'><strong>moti</strong></span> <span class='ocrx_word' id='word_1_158' title='bbox 389 3075 553 3158; x_wconf 85' lang='lat' dir='ltr'><strong>impetum</strong></span> <span class='ocrx_word' id='word_1_159' title='bbox 575 3085 788 3159; x_wconf 72' lang='lat' dir='ltr'><strong>sequeretur,</strong></span> <span class='ocrx_word' id='word_1_160' title='bbox 825 3075 999 3158; x_wconf 83' lang='lat' dir='ltr'><strong>candorem</strong></span> <span class='ocrx_word' id='word_1_161' title='bbox 1025 3087 1062 3162; x_wconf 12' lang='lat' dir='ltr'><strong>yet</strong></span> <span class='ocrx_word' id='word_1_162' title='bbox 1093 3072 1301 3157; x_wconf 79' lang='lat' dir='ltr'><strong>simplicita-¹</strong></span> 
     </span>
     <span class='ocr_line' id='line_1_24' title="bbox 273 3189 1301 3280; baseline 0.004 -22"><span class='ocrx_word' id='word_1_163' title='bbox 273 3209 341 3258; x_wconf 84' lang='lat' dir='ltr'><strong>tem</strong></span> <span class='ocrx_word' id='word_1_164' title='bbox 355 3197 500 3268; x_wconf 79' lang='lat' dir='ltr'><strong>referret,</strong></span> <span class='ocrx_word' id='word_1_165' title='bbox 514 3207 625 3257; x_wconf 88' lang='lat' dir='ltr'><strong>tamen</strong></span> <span class='ocrx_word' id='word_1_166' title='bbox 635 3213 673 3256; x_wconf 83' lang='lat' dir='ltr'><strong>ex</strong></span> <span class='ocrx_word' id='word_1_167' title='bbox 687 3189 888 3256; x_wconf 85' lang='lat' dir='ltr'><strong>Graecorum</strong></span> <span class='ocrx_word' id='word_1_168' title='bbox 899 3193 1109 3276; x_wconf 87' lang='lat' dir='ltr'><strong>scriptorum,</strong></span> <span class='ocrx_word' id='word_1_169' title='bbox 1121 3194 1156 3258; x_wconf 90' lang='lat' dir='ltr'><strong>in</strong></span> <span class='ocrx_word' id='word_1_170' title='bbox 1169 3193 1301 3280; x_wconf 78' lang='lat' dir='ltr'><strong>primis·</strong></span> 
     </span>
     <span class='ocr_line' id='line_1_25' title="bbox 273 3312 1303 3399; baseline -0.002 -19"><span class='ocrx_word' id='word_1_171' title='bbox 273 3315 491 3390; x_wconf 88' lang='lat' dir='ltr'><strong>comicorum,</strong></span> <span class='ocrx_word' id='word_1_172' title='bbox 503 3314 603 3380; x_wconf 86' lang='lat' dir='ltr'><strong>literis</strong></span> <span class='ocrx_word' id='word_1_173' title='bbox 618 3326 747 3378; x_wconf 88' lang='lat' dir='ltr'><strong>tantum</strong></span> <span class='ocrx_word' id='word_1_174' title='bbox 758 3313 906 3380; x_wconf 81' lang='lat' dir='ltr'><strong>alimenti</strong></span> <span class='ocrx_word' id='word_1_175' title='bbox 919 3326 993 3398; x_wconf 88' lang='lat' dir='ltr'><strong>post</strong></span> <span class='ocrx_word' id='word_1_176' title='bbox 1003 3312 1163 3397; x_wconf 81' lang='lat' dir='ltr'><strong>suscepit,</strong></span> <span class='ocrx_word' id='word_1_177' title='bbox 1177 3335 1285 3398; x_wconf 90' lang='lat' dir='ltr'><strong>quan·</strong></span> <span class='ocrx_word' id='word_1_178' title='bbox 1299 3388 1303 3399; x_wconf 32' lang='lat'>¹</span> 
     </span>
     <span class='ocr_line' id='line_1_26' title="bbox 274 3431 1303 3523; baseline -0.002 -25"><span class='ocrx_word' id='word_1_179' title='bbox 274 3448 347 3498; x_wconf 84' lang='lat' dir='ltr'><strong>turn</strong></span> <span class='ocrx_word' id='word_1_180' title='bbox 367 3433 400 3496; x_wconf 92' lang='lat' dir='ltr'><strong>in</strong></span> <span class='ocrx_word' id='word_1_181' title='bbox 422 3433 520 3498; x_wconf 87' lang='lat' dir='ltr'><strong>simili</strong></span> <span class='ocrx_word' id='word_1_182' title='bbox 554 3432 661 3498; x_wconf 85' lang='lat' dir='ltr'><strong>studio</strong></span> <span class='ocrx_word' id='word_1_183' title='bbox 690 3445 815 3496; x_wconf 81' lang='lat' dir='ltr'><strong>versato</strong></span> <span class='ocrx_word' id='word_1_184' title='bbox 842 3431 984 3517; x_wconf 86' lang='lat' dir='ltr'><strong>maxime</strong></span> <span class='ocrx_word' id='word_1_185' title='bbox 1007 3453 1198 3520; x_wconf 73' lang='lat' dir='ltr'><strong>congruum</strong></span> <span class='ocrx_word' id='word_1_186' title='bbox 1219 3444 1303 3523; x_wconf 33' lang='lat' dir='ltr'><strong>,atq</strong></span> 
     </span>
     <span class='ocr_line' id='line_1_27' title="bbox 271 3550 1301 3642; baseline -0.002 -22"><span class='ocrx_word' id='word_1_187' title='bbox 271 3577 336 3642; x_wconf 94' lang='lat' dir='ltr'><strong>que</strong></span> <span class='ocrx_word' id='word_1_188' title='bbox 373 3567 596 3638; x_wconf 88' lang='lat' dir='ltr'><strong>opportunum</strong></span> <span class='ocrx_word' id='word_1_189' title='bbox 623 3565 702 3617; x_wconf 85' lang='lat' dir='ltr'><strong>erat.</strong></span> <span class='ocrx_word' id='word_1_190' title='bbox 748 3550 862 3617; x_wconf 85' lang='lat' dir='ltr'><strong>Pressit</strong></span> <span class='ocrx_word' id='word_1_191' title='bbox 875 3551 974 3639; x_wconf 73' lang='lat' dir='ltr'><strong>igitur</strong></span> <span class='ocrx_word' id='word_1_192' title='bbox 991 3573 1107 3618; x_wconf 89' lang='lat' dir='ltr'><strong>eorum</strong></span> <span class='ocrx_word' id='word_1_193' title='bbox 1128 3550 1263 3638; x_wconf 76' lang='lat' dir='ltr'><strong>vestigia</strong></span> <span class='ocrx_word' id='word_1_194' title='bbox 1275 3599 1301 3631; x_wconf 87' lang='lat'><strong>,.</strong></span> 
     </span>
     <span class='ocr_line' id='line_1_28' title="bbox 272 3671 1286 3761; baseline -0.004 -23"><span class='ocrx_word' id='word_1_195' title='bbox 272 3697 333 3740; x_wconf 89' lang='lat' dir='ltr'><strong>nec</strong></span> <span class='ocrx_word' id='word_1_196' title='bbox 352 3672 492 3761; x_wconf 82' lang='lat' dir='ltr'><strong>gratiam</strong></span> <span class='ocrx_word' id='word_1_197' title='bbox 515 3672 677 3735; x_wconf 89' lang='lat' dir='ltr'><strong>adulando</strong></span> <span class='ocrx_word' id='word_1_198' title='bbox 688 3683 890 3756; x_wconf 84' lang='lat' dir='ltr'><strong>aucupatus,</strong></span> <span class='ocrx_word' id='word_1_199' title='bbox 911 3692 971 3738; x_wconf 90' lang='lat' dir='ltr'><strong>nec</strong></span> <span class='ocrx_word' id='word_1_200' title='bbox 983 3686 1075 3736; x_wconf 86' lang='lat' dir='ltr'><strong>metu</strong></span> <span class='ocrx_word' id='word_1_201' title='bbox 1089 3671 1286 3758; x_wconf 68' lang='lat' dir='ltr'><strong>cujusquam</strong></span> 
     </span>
     <span class='ocr_line' id='line_1_29' title="bbox 272 3787 1288 3876; baseline -0.003 -19"><span class='ocrx_word' id='word_1_202' title='bbox 272 3795 469 3869; x_wconf 89' lang='lat' dir='ltr'><strong>retardatus,</strong></span> <span class='ocrx_word' id='word_1_203' title='bbox 493 3788 668 3876; x_wconf 88' lang='lat' dir='ltr'><strong>quominus</strong></span> <span class='ocrx_word' id='word_1_204' title='bbox 682 3787 867 3866; x_wconf 85' lang='lat' dir='ltr'><strong>liberrime,</strong></span> <span class='ocrx_word' id='word_1_205' title='bbox 891 3810 974 3874; x_wconf 88' lang='lat' dir='ltr'><strong>quae</strong></span> <span class='ocrx_word' id='word_1_206' title='bbox 986 3791 1135 3860; x_wconf 80' lang='lat' dir='ltr'><strong>suaderet</strong></span> <span class='ocrx_word' id='word_1_207' title='bbox 1145 3789 1288 3868; x_wconf 83' lang='lat' dir='ltr'><strong>animus,</strong></span> 
     </span>
     <span class='ocr_line' id='line_1_30' title="bbox 271 3907 1288 3996; baseline -0.006 -20"><span class='ocrx_word' id='word_1_208' title='bbox 271 3913 468 3976; x_wconf 85' lang='lat' dir='ltr'><strong>enunciaret.</strong></span> <span class='ocrx_word' id='word_1_209' title='bbox 516 3907 578 3973; x_wconf 91' lang='lat' dir='ltr'><strong>Sed</strong></span> <span class='ocrx_word' id='word_1_210' title='bbox 611 3908 741 3973; x_wconf 88' lang='lat' dir='ltr'><strong>illorum</strong></span> <span class='ocrx_word' id='word_1_211' title='bbox 772 3912 942 3985; x_wconf 84' lang='lat' dir='ltr'><strong>aemulus,</strong></span> <span class='ocrx_word' id='word_1_212' title='bbox 966 3909 1170 3996; x_wconf 70' lang='lat' dir='ltr'><strong>generosiore</strong></span> <span class='ocrx_word' id='word_1_213' title='bbox 1187 3930 1225 3974; x_wconf 90' lang='lat' dir='ltr'><strong>ac</strong></span> <span class='ocrx_word' id='word_1_214' title='bbox 1248 3909 1288 3970; x_wconf 90' lang='lat' dir='ltr'><strong>li-</strong></span> 
     </span>
    </p>
   </div>
   <div class='ocr_carea' id='block_1_5' title="bbox 469 4095 548 4104">
    <p class='ocr_par' dir='ltr' id='par_1_6' title="bbox 469 4095 548 4104">
     <span class='ocr_line' id='line_1_31' title="bbox 469 4095 548 4104; baseline 0.051 -4"><span class='ocrx_word' id='word_1_215' title='bbox 469 4097 482 4100; x_wconf 91' lang='lat'><strong>..</strong></span> <span class='ocrx_word' id='word_1_216' title='bbox 504 4095 548 4104; x_wconf 68' lang='lat'><strong>0-</strong></span> 
     </span>
    </p>
   </div>
   <div class='ocr_carea' id='block_1_6' title="bbox 307 4200 580 4268">
    <p class='ocr_par' dir='ltr' id='par_1_7' title="bbox 307 4200 580 4268">
     <span class='ocr_line' id='line_1_32' title="bbox 307 4200 580 4268; baseline -0.011 -17"><span class='ocrx_word' id='word_1_217' title='bbox 307 4217 319 4254; x_wconf 83' lang='grc' dir='ltr'><strong>ι</strong></span> <span class='ocrx_word' id='word_1_218' title='bbox 360 4200 425 4252; x_wconf 88' lang='lat' dir='ltr'><strong>lude</strong></span> <span class='ocrx_word' id='word_1_219' title='bbox 444 4217 456 4246; x_wconf 88' lang='lat' dir='ltr'><strong>u</strong></span> <span class='ocrx_word' id='word_1_220' title='bbox 475 4217 500 4265; x_wconf 91' lang='lat' dir='ltr'><strong>p.</strong></span> <span class='ocrx_word' id='word_1_221' title='bbox 521 4201 580 4268; x_wconf 73' lang='lat'>198.</span> 
     </span>
    </p>
   </div>
   <div class='ocr_carea' id='block_1_7' title="bbox 0 0 1460 4972">
    <p class='ocr_par' dir='ltr' id='par_1_8' title="bbox 0 0 1460 4972">
     <span class='ocr_line' id='line_1_33' title="bbox 0 0 1460 4972; baseline 0 0"><span class='ocrx_word' id='word_1_222' title='bbox 0 0 1460 4972; x_wconf 95' lang='lat' dir='ltr'><strong> </strong></span> 
     </span>
    </p>
   </div>
  </div>
 </body>
</html>
