2888 4972
794 343 859 406 220

299 519 440 584 Videtur
472 527 586 582 eutem
615 520 669 582 hic
692 519 780 601 apud
811 517 979 584 Lucilium
999 518 1143 583 ludibrio
1167 517 1316 582 babuisse

300 633 474 702 adversarii
505 635 710 712 orationem,
742 657 848 720 quae,
878 635 992 700 relicto
1012 656 1126 699 rerum
1147 637 1315 718 pondere,

300 754 490 838 splendebat
519 753 691 820 artificiosa
724 755 904 820 verborum
938 755 1179 840 exquisitorum
1209 768 1315 819 struc-

301 887 388 938 tura.
433 869 514 936 Inde
537 871 637 936 illud:

348 989 462 1079 Quum
478 989 588 1078 lepide
602 991 708 1056 lexeis
724 995 937 1078 compostae!
950 1001 990 1055 ut
1003 989 1191 1056 tesserulae
1202 1013 1315 1057 ornnes

309 1117 314 1127 '
346 1107 436 1175 Arte
451 1111 649 1196 pavimenti
679 1121 784 1198 utque
800 1109 998 1174 emblemate
1021 1107 1252 1174 vermiculato

346 1223 537 1292 Structce!
549 1226 564 1275 ¹

299 1343 392 1429 Quae
417 1367 524 1430 quum
556 1345 685 1409 dixisset
707 1343 743 1408 in
771 1343 949 1410 Albucium
981 1343 1118 1412 illudens
1139 1339 1314 1417 Scaevola,

299 1485 342 1528 ne
362 1485 381 1528 a
404 1461 519 1528 Crasso
542 1461 679 1548 quidem
702 1461 884 1538 abstinens,
913 1463 982 1546 ejus
992 1463 1144 1544 exemplo
1162 1482 1240 1525 usus
1252 1474 1313 1524 est:

345 1579 510 1645 Crassum
533 1579 637 1645 liabeo
655 1601 833 1668 generum,
856 1603 898 1643 ne
920 1579 1181 1646 rhetoricotero’
1198 1581 1313 1642 tresis.

302 1693 399 1762 Hunc
420 1699 530 1763 locum
551 1697 595 1762 ita
619 1695 804 1780 expositum
825 1696 982 1784 cognovi,
1005 1711 1043 1761 ut
1060 1694 1188 1773 Mucio,
1206 1717 1313 1780 repre·

301 1815 456 1880 hendenti
469 1815 587 1880 eteslsa
600 1815 843 1898 comparatione
854 1811 1006 1880 irridenti
1015 1814 1197 1879 orationem
1209 1833 1313 1889 susm,

300 1931 458 2000 Albucius
481 1934 684 2030 eloquentiae
705 1933 850 2018 inopiam
876 1931 1134 2017 exprobraverit.
1177 1929 1315 1998 Scaevo-

299 2053 332 2118 la
355 2051 457 2128 cnim,
478 2051 554 2136 qui,
579 2053 667 2137 quod
688 2071 748 2136 pro
771 2073 905 2138 scopus
927 2065 1019 2126 eret,
1040 2051 1108 2134 ipse
1129 2049 1314 2116 solebatdi-

301 2191 393 2246 cere,
421 2182 460 2235 ut
476 2169 516 2234 de
532 2169 677 2252 pecuniis
692 2169 879 2256 repetundis
902 2183 1017 2234 contra
1036 2165 1229 2244 Albucium,
1241 2189 1316 2232 ora-

300 2303 414 2354 torum
446 2288 481 2353 in
516 2308 659 2352 numeru
682 2308 748 2351 non
770 2299 859 2363 erat,
882 2309 1026 2374 eumque
1044 2289 1213 2354 enucleate
1234 2285 1315 2370 qui-

301 2409 378 2474 dem
399 2418 433 2470 et
450 2405 550 2488 polite
569 2426 664 2472 suem
684 2425 815 2472 causam
827 2403 1005 2473 defendisse
1018 2450 1028 2482 ,
1039 2425 1255 2490 nequaquam
1269 2416 1315 2467 ta·

302 2542 380 2585 men
399 2543 436 2586 ea
453 2516 487 2584 vi
510 2532 608 2604 atque
631 2521 745 2604 copie,
769 2541 871 2605 quam
896 2521 977 2593 illud
993 2522 1107 2606 judicii
1125 2540 1316 2608 genuspns-

301 2637 450 2716 tulabat,
467 2653 602 2704 constat.
648 2636 764 2727 Quum
784 2660 863 2705 vero
878 2640 1028 2704 acerbam
1051 2640 1182 2704 Albucii
1195 2659 1316 2724 expro-

302 2753 452 2821 bratione
484 2759 744 2824 stomacharetur
775 2757 845 2836 ille,
881 2758 1031 2826 maluisse
1054 2753 1182 2834 Crassi,
1202 2755 1316 2846 generi

300 2874 362 2952 sui,
376 2873 579 2940 mentionem
600 2875 743 2960 injicere,
768 2897 972 2962 quamsuam
983 2877 1109 2942 dicendi
1124 2878 1316 2940 facultatem

304 2991 392 3058 inani
413 2989 650 3076 praedicatione
673 2989 797 3060 tuerit.
819 2991 893 3058 Non
916 2994 1019 3070 video,
1041 2994 1120 3079 quid
1144 2993 1205 3058 iste
1219 2989 1317 3058 Cras-

300 3109 326 3175 si
340 3110 471 3186 vmentio
502 3108 673 3177 Scaevolae
700 3113 847 3194 prodesse
864 3111 1009 3194 potuerit
1026 3111 1067 3174 ad
1088 3107 1140 3175 sui
1158 3109 1316 3175 sermonis

303 3227 497 3294 tenuitatem
526 3230 754 3295 excusandum.
800 3225 914 3315 Neque
932 3249 1010 3294 vero
1036 3227 1136 3292 verba
1151 3226 1316 3294 Ciceronis

294 3329 442 3422 docent,
457 3348 591 3432 jactasse
607 3367 685 3412 eum
709 3344 814 3412 Crassi
832 3347 1075 3433 eloquentiam,
1094 3349 1151 3414 sed
1173 3347 1316 3411 illusisse.

338 3581 351 3621 ι
392 3567 467 3619 cic.
493 3555 583 3624 Brut:
601 3567 645 3632 bi,
666 3567 726 3622 131.
745 3568 790 3630 26,
811 3583 871 3622 ron.
890 3570 972 3622 Orat.
991 3567 1037 3632 tt,
1060 3565 1118 3636 ¹⁴9·
1139 3564 1220 3633 'sup
1235 3565 1318 3636 pcd-

336 3681 353 3718 π
388 3662 601 3718 D'Arnaud
623 3665 700 3715 vitae
722 3664 923 3717 Scaevolarum
940 3680 968 3731 p.
991 3664 1035 3719 5³.
1067 3663 1190 3715 Crassi
1214 3663 1317 3716 meulic

302 3777 414 3832 qaoque
430 3760 501 3812 sacen
525 3757 634 3811 ridetur
658 3759 693 3811 ir.
714 3759 754 3822 Χ,
774 3776 807 3830 r,
827 3759 875 3813 ubi
885 3763 1029 3827 judicium
1046 3759 1185 3814 Ιιαηονιιιιι
1206 3763 1318 3814 crassis

302 3867 458 3927 competere
475 3855 603 3924 pluribus
625 3855 793 3924 explicatum
805 3857 888 3910 luisse
905 3857 1018 3912 dicitur.
1038 3854 1105 3920 Non
1122 3857 1245 3911 alienum
1266 3875 1316 3910 ac-

303 3962 358 4010 tem
386 3961 447 4024 est,
476 3955 625 4010 Scaevolae
642 3961 669 4006 rt
689 3953 804 4008 Albucii
823 3955 1027 4010 contentionem
1044 3955 1078 4006 sd
1097 3954 1119 4008 l.
1139 3955 1166 4010 X
1184 3955 1316 4018 referre,

302 4069 358 4124 quo
375 4057 499 4106 oratore·
517 4053 620 4122 petitos
637 4071 694 4106 esse
712 4053 884 4108 narravimus
900 4070 927 4121 p.
948 4071 1010 4126 ιῃ,
1032 4056 1093 4124 196.
