2860 4974
590 387 655 450 123

115 564 218 650 posue
237 579 379 632 versutus
401 581 583 651 eorumque
607 563 842 641 admiratione,
866 564 999 633 reduce
1018 577 1050 628 et
1067 562 1126 629 sti·

114 686 295 760 multatum,
309 682 474 759 imbutus,
487 682 663 767 aliquando
675 680 745 748 talis
764 669 858 750 lieret
870 695 1039 748 accuratae
1050 685 1134 748 doc-.

112 801 219 868 trinae
248 801 505 889 grammaticus,
538 800 596 885 qui
628 797 774 886 gliscenti
806 800 912 884 pulcri
934 799 1127 885 venturique

113 921 243 988 furfidio
278 919 438 986 resisteret
459 933 492 986 et
520 931 670 986 aeterum
690 919 918 986 auctoritatem
940 920 1129 986 vindicaret.

113 1039 152 1106 ln
184 1061 253 1126 qua
283 1039 441 1106 sentenu'a
474 1059 541 1104 nou
563 1038 657 1104 video
686 1039 818 1124 quida
849 1037 1129 1106 verisimilitudine

113 1158 312 1234 abhorreat,
350 1171 382 1222 at
394 1159 653 1247 grammaticos
675 1159 807 1244 equites
831 1177 886 1223 eos
910 1157 1128 1240 interpretor,

113 1275 172 1362 qui
208 1297 341 1342 causum
366 1275 583 1360 antiquorum
604 1289 719 1341 vatum
742 1275 936 1366 pugnaciter
958 1285 1129 1342 tuerentur

113 1411 146 1462 et
180 1395 413 1461 inveherentur
445 1394 480 1458 in
504 1413 595 1460 secur
617 1395 799 1462 sentientes.
845 1393 1013 1462 Praeterea
1036 1415 1130 1460 causa

114 1528 174 1592 est,
192 1535 256 1580 cur
274 1525 359 1580 tecte
382 1509 503 1579 Orbilii
525 1511 729 1596 disciplinam
748 1513 932 1601 significet,
957 1534 1059 1600 quern
1080 1512 1129 1582 ti-

114 1655 194 1700 rum
229 1645 340 1717 postea
365 1631 536 1696 nominare
563 1640 598 1695 et
617 1631 800 1698 describere
819 1633 909 1698 haud
928 1633 1051 1700 veritus
1072 1647 1130 1701 ert.

116 1751 251 1818 Etenim
273 1770 340 1837 quo
357 1761 506 1834 ternpore
521 1750 653 1816 satiram
666 1749 744 1816 libri
759 1750 862 1835 primi
881 1751 1044 1818 decimam
1052 1754 1132 1820 adri·

116 1871 240 1948 bebat,
270 1869 322 1936 cui
351 1866 399 1933 illi
434 1869 582 1937 versiculi
616 1871 814 1946 adhaerent,
853 1891 950 1938 senex
983 1870 1130 1938 Orbilius

119 1987 255 2056 virebat
286 1987 433 2064 Rornae,
466 2007 568 2072 quem
590 1985 721 2052 videtur
741 1987 856 2052 aivum
870 2004 1137 2056 commemorare

118 2127 196 2176 eum
227 2109 383 2172 dedecore
412 2106 548 2172 noluisse
560 2104 588 2174 ¹.
632 2105 723 2170 Fecit
747 2105 958 2189 epistularum
981 2105 1066 2172 libro
1083 2120 1132 2174 se·-

119 2229 253 2304 cuudo,
273 2225 331 2312 qui
352 2225 435 2290 liber
458 2226 547 2290 haud
567 2223 667 2289 dubie
683 2223 822 2308 scriptus
846 2236 894 2290 est
917 2223 1135 2310 ponemini

120 2350 312 2422 decessum,
345 2343 402 2429 qui
440 2343 475 2408 in
495 2363 621 2409 anuum
642 2343 709 2410 tto
732 2339 805 2431 (ll)
828 2341 960 2410 circiter
979 2345 1091 2414 incidit
1101 2344 1131 2413 ².

122 2463 254 2532 Fefellit
274 2475 385 2529 autem
407 2459 575 2528 Orbilium
599 2460 711 2546 opinio
739 2461 822 2538 iste,
846 2483 949 2547 qutun
970 2465 1012 2530 de
1032 2461 1139 2531 ltera-

124 2583 169 2650 tiu
190 2593 398 2668 susceperam
428 2601 529 2666 quere
545 2581 600 2646 hic
620 2583 716 2646 laude
729 2583 842 2648 efferre
862 2578 1021 2652 Catonem
1046 2595 1138 2668 pute

125 2717 199 2782 rat,
235 2727 254 2770 a
285 2721 354 2789 quo
389 2704 462 2788 plus
483 2700 598 2786 judicii
615 2701 650 2766 in
671 2704 876 2768 emendando
900 2703 1016 2770 Lucilii
1040 2725 1139 2789 opere

126 2824 380 2909 exspectandum
392 2832 483 2898 esset,
496 2841 597 2907 quum
613 2841 632 2886 a
644 2821 865 2904 reexspectari
878 2822 1042 2905 pmrriuet,
1060 2823 1138 2907 qui,

127 2945 151 3008 si
169 2943 428 3026 obtemperasset
450 2938 599 3026 magistri
623 2939 803 3018 voluntati,
826 2941 934 3007 latuus
958 2939 1138 3008 admirator

129 3063 194 3147 ejus
215 3063 346 3125 iuturus
365 3058 484 3124 brisset.
505 3056 567 3123 Sed
591 3079 669 3122 eum
686 3071 720 3124 et
737 3058 846 3124 sanior
869 3081 961 3126 mens
983 3073 1017 3126 et
1034 3059 1140 3126 acrior

131 3178 310 3268 elegantiae
332 3197 441 3244 sensus
469 3188 503 3242 et
537 3175 667 3264 gravius
692 3177 839 3243 studium
867 3178 902 3241 in
927 3179 1022 3266 longe
1039 3177 1139 3246 aliam

129 3295 326 3364 sententium
350 3297 544 3360 deduxerum
568 3316 669 3380 quam
686 3297 878 3379 amplexus,
902 3317 998 3383 aegre
1015 3298 1141 3365 ferebat

134 3424 265 3484 caedam
279 3412 397 3480 Lucilii
417 3412 681 3492 admirationem,
699 3436 765 3501 qua
783 3414 867 3480 cives
876 3435 949 3481 suos
959 3415 1142 3484 laborantes

132 3547 340 3625 cognoverat.

169 3805 182 3846 t
218 3788 300 3846 ttthit
320 3790 392 3841 euim
411 3788 447 3841 de
463 3787 627 3850 orbino,
646 3803 701 3858 quo
712 3785 773 3842 locu
787 3789 845 3858 ejas
857 3788 918 3844 lieri
929 3789 1031 3842 mentio
1041 3796 1143 3858 pulue-

136 3897 199 3955 ιιι,
221 3891 285 3942 uer.
302 3887 330 3953 l,
350 3887 379 3954 6,
397 3887 512 3958 7⁵4⁴.

168 4007 188 4044 a
224 3989 327 4040 Suet.
343 3985 395 4039 bd.
419 3987 528 4038 Annam
544 3982 641 4037 setalia
658 3981 750 4052 attigit
762 3980 1023 4050 trecentesimum,
1042 3993 1071 4039 et
1082 3993 1142 4039 lra-

140 4083 214 4136 ditur
233 4081 370 4137 Cicerone
388 4081 455 4137 Cor.
472 4081 527 4154 dar
548 4081 607 4152 (fit)
627 4080 874 4150 quinquagenariae
894 4081 1005 4136 uanam
1027 4082 1142 4148 venisse,

144 4181 188 4234 rbi
206 4197 338 4251 panace
360 4182 389 4234 iu
410 4197 511 4234 summu
529 4184 688 4249 paupertate
704 4178 829 4248 degebat.
