2894 4986
192 1103 234 1172 (l.
263 1101 453 1172 LUCILII
482 1098 688 1170 tttuontts
722 1102 782 1168 ΕΤ
812 1097 1070 1170 lttouttttttt.

191 1809 399 1899 Proximum
418 1835 488 1918 jam
511 1845 580 1912 eet,
608 1843 646 1897 ut
665 1836 705 1899 de
717 1834 831 1900 Lucilii
855 1836 984 1922 ingenio
1002 1855 1039 1900 ae
1064 1857 1139 1900 mo·

141 1951 226 2018 ribus
256 1953 411 2018 dieamus.
457 1949 554 2037 Quod
580 1967 812 2039 argumentum
846 1973 913 2038 quo
943 1953 1072 2040 gravius
1093 1969 1139 2020 est

142 2069 221 2136 illius
263 2071 325 2138 viri
368 2072 511 2136 indolem
545 2071 830 2158 investigantibus,
874 2073 965 2155 eujus
996 2073 1138 2137 maxime

141 2192 301 2274 praeclara
324 2190 357 2254 in
378 2189 585 2255 emendandis
614 2191 798 2274 aequalium
821 2189 967 2255 moribus
989 2191 1137 2254 voluntat

141 2309 218 2385 fuit,
256 2329 297 2373 eo
329 2309 550 2374 vehementius
577 2309 723 2373 dolemus
759 2311 915 2392 amplam,
946 2308 1032 2372 unde
1054 2329 1138 2394 quae

143 2429 204 2495 huc
235 2427 404 2512 pertinent
439 2428 644 2502 hauriamus,
677 2426 848 2493 materiam
873 2429 986 2492 deesse.
1043 2425 1136 2493 Hanc

141 2545 233 2630 ipsius
251 2551 366 2631 poetae
385 2546 504 2630 scripta
527 2547 768 2623 continuerunt,
785 2545 907 2632 quippe
926 2567 993 2612 non
1006 2559 1136 2612 tantum

140 2665 220 2730 ritae
244 2665 406 2730 rationem
433 2677 520 2729 ceter
528 2684 622 2749 aqua,
645 2685 728 2749 quaa
747 2665 806 2748 ipsi
822 2664 1049 2730 memorabilia
1065 2687 1138 2730 eve·

140 2796 270 2863 nerant,
289 2781 492 2859 exhibentia,
517 2782 687 2847 sedetiam
712 2781 814 2847 animi
835 2780 964 2861 studia,
986 2781 1136 2860 consilia,

142 2915 236 2978 rota,
273 2899 354 2967 vitia
378 2899 518 2987 denique
542 2913 575 2966 et
603 2900 739 2967 virtutes
763 2922 875 2967 ornnes
888 2901 1060 2966 lectoribus
1084 2901 1138 2964 in-

139 3039 240 3104 genue
268 3015 450 3102 prodentia.
495 3015 608 3103 Neque
641 3031 751 3083 tamen
774 3038 903 3102 prorsus
925 3016 1135 3106 ignoramus,

139 3140 231 3223 quale
250 3135 413 3221 judicium
435 3138 475 3201 de
496 3133 616 3201 Lucilii
635 3134 743 3202 indole
767 3139 938 3202 serendum
955 3136 1008 3203 sit.
1044 3135 1135 3202 Cau-

138 3277 168 3320 sa
199 3275 278 3322 vero
305 3267 352 3319 est
384 3275 444 3319 our
470 3252 589 3319 eximie
614 3257 655 3320 de
683 3275 721 3320 ea
737 3252 970 3321 existimemus.
1016 3253 1137 3323 Scribit

140 3373 225 3439 enim
242 3371 418 3447 Horatius,
442 3385 623 3437 memorata
644 3369 763 3437 Lucilii
781 3371 941 3437 scribendi
964 3371 1134 3440 libertate:

179 3489 324 3556 Scilicet
345 3490 411 3554 oni
431 3511 558 3577 aequus
579 3491 711 3554 virtuti
727 3501 828 3577 atque
850 3490 925 3578 p‘oe
947 3495 1074 3558 amieis
1087 3493 1113 3559 ¹.

142 3607 215 3696 Quo
233 3609 335 3676 etiam
346 3608 461 3674 referri
474 3621 604 3694 oportet
623 3610 765 3693 ejusdem
777 3609 858 3674 illud
869 3610 910 3674 ad
921 3609 1112 3678 Trebatium
1128 3647 1134 3675 ;

313 3765 359 3778 -
379 3749 432 3792 me
448 3727 596 3816 pedibus
615 3726 761 3793 delectat
778 3727 938 3794 claudere
958 3730 1059 3796 verbo

182 3847 303 3914 Lucili
322 3849 412 3926 ritu,
428 3859 585 3914 nostrum
605 3847 764 3914 melioris
775 3846 956 3935 utroqusl.

173 4154 185 4189 ι
227 4140 289 4190 Sat.
310 4135 352 4200 II,
365 4153 393 4201 t,
411 4138 456 4193 63.

176 4251 191 4285 2
227 4233 295 4302 Sap.
314 4251 342 4302 p.
359 4233 402 4286 66.
