2860 4974
158 615 200 679 bo
220 615 315 678 luisse
339 613 611 699 ingeniosissimus
632 613 832 686 adolescens,
851 603 1047 674 assidsiusM.
1062 605 1172 673 Aenil-

157 731 190 796 lii
208 731 324 814 Lepidi
343 729 470 794 Porcini
491 727 627 793 oratoris
653 727 805 803 auditor,
829 739 862 790 et
885 728 1038 813 quamvis
1059 730 1170 811 legum
1207 807 1209 814 Ι

157 849 289 934 ignarus
318 869 355 910 sc
385 846 474 911 rudis
494 846 619 929 injure
642 843 752 920 civili,
777 857 890 908 tamen
912 863 1077 906 summam
1102 845 1174 905 elo-

158 966 311 1048 quentiae
348 964 479 1026 laudsm
509 960 682 1044 adeptus¹.
729 959 793 1025 Sed
813 961 882 1025 illas
903 961 1037 1025 uirtutes
1061 963 1173 1022 fervor

159 1103 194 1146 ac
214 1081 339 1158 libido,
363 1103 428 1165 qna
446 1083 642 1164 popularem
663 1079 824 1142 rationem
844 1079 945 1143 tuitus
966 1092 1032 1153 est,
1055 1077 1175 1142 obscu-

161 1199 263 1274 rarit,
287 1213 320 1261 et
341 1198 476 1262 oratoris
499 1199 652 1260 facultate
667 1208 737 1259 tam
759 1197 901 1278 turpiter
922 1195 1038 1260 abusus
1056 1208 1122 1271 est,
1135 1209 1174 1257 ut

161 1335 252 1379 sures
273 1315 437 1378 concionis
457 1314 636 1378 verborum
656 1313 820 1376 lenociniis
840 1327 873 1376 et
898 1313 1061 1377 blanditiis
1082 1315 1174 1376 mul·

160 1439 248 1494 seret
282 1432 416 1514 ejusque
436 1429 496 1493 sibi
525 1431 672 1492 favorem
694 1448 829 1512 quoquo
855 1433 954 1494 modo
975 1429 1173 1494 conciliaret.

61 1631 66 1644 ἢ
162 1545 208 1612 Ut
232 1546 321 1608 enim
342 1546 417 1610 satis
437 1566 512 1610 acer
533 1566 571 1608 ac
595 1545 787 1619 uehemens,
811 1545 856 1607 its
874 1564 1012 1608 canorus
1030 1558 1063 1608 et
1082 1547 1176 1608 volu-v

162 1661 233 1726 bilis
266 1673 299 1724 et
327 1664 419 1726 valde
449 1661 551 1726 dulcis
578 1683 615 1724 sc
641 1662 826 1743 perfacetus
845 1673 915 1724 erat
934 1675 1068 1737 orator3
1094 1681 1175 1745 quas

163 1779 191 1842 ei
215 1777 345 1842 dicendi
368 1779 504 1842 virtutes
523 1773 722 1860 juvenilium
744 1775 1017 1841 exercitationum
1037 1791 1070 1840 et
1086 1798 1176 1841 com·

163 1895 407 1958 mentationum
433 1893 597 1958 assiduitas
617 1896 781 1958 attulerat.
814 1893 892 1975 Ejus
915 1907 947 1957 et
969 1893 1020 1956 Ti.
1035 1893 1175 1958 Gracchi

162 2007 188 2075 si
206 2013 277 2076 talis
297 2031 389 2074 mens
414 2013 454 2074 ad
478 2010 718 2094 rempublicam
742 2011 827 2072 bene
851 2013 1030 2095 gerendam
1052 2011 1173 2085 luisset,

163 2125 255 2210 quale
289 2127 459 2212 ingenium
481 2129 523 2190 ud
542 2127 624 2189 bene
650 2126 824 2188 dicendum
855 2125 938 2200 luit,
962 2128 1092 2201 neutri,
1114 2139 1178 2190 tesd

164 2258 194 2306 te
216 2243 402 2319 Cicerone,
427 2243 533 2328 pluris
564 2243 739 2328 quisquam
760 2243 966 2325 praestitisset
976 2243 1004 2307 ².
1027 2241 1091 2306 Sed
1113 2244 1176 2306 alia

164 2359 271 2447 Carbo
289 2360 418 2443 juvenis
438 2360 606 2441 capessivit
625 2357 888 2442 rempublicam,
913 2359 976 2423 nit
997 2361 1103 2424 senior
1124 2374 1179 2425 te·

164 2477 247 2541 nuit.
272 2473 434 2541 Celebrati
447 2477 517 2558 ejus
528 2489 605 2539 sunt
616 2477 761 2539 maxime
771 2477 957 2541 tribunatus
968 2497 997 2540 a.
1008 2477 1178 2564 623(131)

164 2607 195 2657 st
207 2595 390 2657 consulatus
402 2613 431 2656 a.
443 2593 510 2655 ost
524 2587 630 2678 (120),
645 2593 763 2676 quibus
776 2593 924 2677 gerendis
936 2595 1060 2676 patuit,
1076 2615 1177 2678 quum

167 2724 245 2774 esset
272 2731 292 2772 a
321 2707 568 2772 constantissimi
592 2705 671 2771 ciris
694 2710 789 2771 laude
813 2710 947 2774 alienus.
993 2711 1070 2774 Fuit
1089 2711 1179 2774 enim

165 2839 197 2891 et
218 2825 350 2890 babitus
375 2838 424 2889 est
448 2825 721 2906 tribunusplebis
742 2826 907 2890 seditiosus
930 2848 968 2890 sc
988 2829 1178 2909 semisepul⁴

165 2957 215 3007 tae
234 2941 445 3008 Gracchanae
458 2941 621 3006 seditionis
645 2941 943 3007 turbulentissimus
968 2943 1106 3018 vindex,
1127 2917 1187 3009 vir'

164 3061 335 3144 improbus
367 3073 400 3125 et
418 3060 569 3125 factiosus
590 3074 623 3124 et
649 3061 825 3127 orientium
845 3062 988 3126 civilium
1010 3064 1176 3126 malorum

166 3181 220 3242 lar
238 3178 461 3267 ardentissime
471 3177 498 3243 3.
523 3177 574 3241 Ti.
589 3175 789 3253 Gracchum,
810 3180 891 3242 dnm
906 3179 1035 3243 virebat
1046 3178 1111 3256 ille,
1122 3201 1179 3244 sa·

167 3295 224 3379 qui
242 3293 426 3378 etprobare
437 3294 570 3373 solebat3
585 3295 726 3360 eundem
740 3277 912 3360 mortuum
926 3297 1026 3362 coluit
1040 3309 1072 3362 et
1082 3319 1179 3382 saepe

166 3411 201 3474 in
228 3411 438 3476 concionibus
456 3412 582 3477 exitum
595 3413 674 3495 ‘ejus
698 3411 882 3494 deploravit
895 3413 922 3476 4.
968 3413 1100 3497 Duplici
1118 3433 1176 3478 ro·-

202 3621 213 3656 r
254 3605 333 3660 Cic.
361 3607 445 3657 Brut.
471 3602 516 3666 25,
543 3605 586 3672 9⁶.
612 3623 657 3672 27,
678 3605 739 3656 103.
763 3604 891 3668 ὄψῃ.
915 3609 959 3658 De
979 3609 1060 3658 Orat.
1080 3605 1106 3670 1,
1129 3622 1173 3670 ιο,

168 3699 210 3769 ³9.
227 3697 272 3762 ss,
296 3697 355 3751 ιε..
664 3681 668 3689 “

201 3811 217 3846 a
252 3797 273 3844 1
282 3795 309 3846 d.
327 3795 409 3865 boel.
428 3793 473 3861 25,
492 3791 535 3864 96.
577 3797 662 3848 Brut.
685 3813 730 3862 ³7,
749 3795 810 3852 10³.
829 3773 980 3850 Debuit.
1000 3797 1025 3860 1,
1044 3797 1089 3860 34,
1114 3797 1174 3861 154,

168 3885 225 3954 lli,
245 3908 274 3960 7,
291 3891 335 3944 πθ.

200 3985 218 4036 ὅ
253 3988 305 4038 Ιιὶ.
324 3987 357 4036 de
381 3988 465 4053 Legg.
482 3984 540 4046 ill,
564 3984 608 4048 ιδ,
630 3985 672 4038 55.
712 3989 771 4038 Pro
788 3987 853 4038 Mu.
877 3987 944 4048 3,8.
984 3987 1065 4039 Vol.
1083 3991 1177 4042 Max·

169 4079 224 4145 vt,
243 4099 271 4144 2,
291 4081 318 4134 ³.

203 4179 220 4230 4
255 4183 272 4229 1
280 4178 307 4228 d.
326 4175 407 4228 nael.
428 4189 470 4238 rr,
491 4175 532 4243 59.
556 4193 597 4240 ιι,
617 4177 661 4224 lar.
681 4175 725 4225 De
744 4177 827 4227 Orat.
848 4176 888 4239 ll,
908 4179 953 4242 lto,
974 4193 1033 4246 ¹7⁰·

679 4273 743 4334 tt*

839 4453 856 4502 l
